4132 5570
1109 653 1316 662 *—

286 769 414 830 vivium
438 777 594 848 paratum
617 767 784 830 alacribus
808 766 927 830 animis
949 767 984 830 in
1007 768 1230 850 convivioque
1260 777 1294 831 et
1323 768 1405 833 iocis
1433 779 1469 834 et
1501 771 1656 834 versibus
1683 792 1779 836 more
1805 774 1906 838 solito
1927 779 1969 838 ce}

286 874 470 947 victoriam,
501 894 603 956 quam
634 893 761 955 pompa
793 871 1029 954 sacrificiisque
1059 883 1094 936 et
1121 873 1269 936 carmine
1296 874 1364 937 iam
1394 873 1523 939 affatim
1553 878 1792 942 celebrassent
1851 878 1969 961 Quisq1

283 980 393 1064 gestis
416 1000 484 1042 non
507 980 610 1041 modo
633 979 778 1062 gloriam
801 978 988 1041 sedetiam
1012 999 1095 1060 opes
1117 978 1181 1041 sibi
1203 989 1364 1060 parasset,
1387 1000 1467 1046 eum
1484 981 1552 1044 iam
1566 981 1635 1045 otio
1657 1003 1699 1046 ac
1714 983 1818 1065 quieti
1833 1004 1873 1046 se
1894 986 1969 1048 ded«

284 1082 350 1165 (vs.
374 1087 504 1162 46-48
530 1081 745 1163 συμπόσιον);
768 1083 919 1165 quisquis
942 1092 1057 1147 autem
1080 1085 1114 1147 in
1136 1085 1223 1148 ludis
1246 1085 1390 1159 vicisset,
1412 1106 1492 1149 eum
1514 1107 1584 1148 non
1606 1089 1710 1150 modo
1732 1102 1859 1169 pompa
1888 1100 1924 1153 et
1951 1111 1968 1152 s

285 1187 388 1272 (quae
411 1190 514 1251 modo
536 1197 616 1250 sunt
638 1189 795 1268 peracta),
819 1191 881 1250 sed
903 1189 1005 1251 etiam
1025 1190 1181 1262 carmine,
1205 1185 1311 1272 (quod
1333 1199 1406 1254 tum
1422 1192 1533 1274 ipsum
1551 1195 1790 1276 peragebatur)
1813 1195 1963 1277 itemque

285 1297 386 1368 laeto,
402 1296 494 1376 quod
511 1294 579 1356 iam
598 1303 688 1356 esset
703 1293 936 1374 incipiendum,
958 1295 1120 1358 celebrari
1135 1298 1263 1358 decere.
1302 1293 1447 1358 Carmen
1464 1307 1498 1360 et
1516 1298 1710 1362 convivium
1725 1299 1774 1363 ita
1793 1321 1869 1364 esse
1886 1301 1969 1364 conii

283 1409 324 1462 ut
340 1400 454 1462 cantui
471 1408 571 1481 potus
592 1409 625 1460 et
641 1399 735 1478 potui
752 1409 872 1462 cantus
887 1401 1092 1463 succederet.
1126 1400 1256 1462 Vocem
1277 1401 1426 1463 carmine
1443 1411 1579 1464 cantato
1593 1402 1774 1486 fatigatam
1791 1405 1903 1466 denuo
1913 1381 1969 1466 ¹ref

283 1525 361 1568 esse
383 1505 470 1567 inter
491 1504 625 1586 poeula,
648 1514 686 1566 ut
702 1525 817 1567 rursus
840 1515 875 1567 et
893 1505 1005 1568 verbis
1028 1505 1147 1568 solutis
1165 1515 1200 1566 et
1222 1504 1377 1568 versibus
1399 1507 1519 1568 subitis
1537 1507 1807 1591 iocularibusque
1829 1508 1969 1572 victorer

239 1612 242 1617 ’
285 1611 424 1672 laudare
447 1618 482 1671 et
506 1608 685 1675 celebrare.
748 1609 869 1690 Itaque
891 1610 1006 1672 verbis
1028 1610 1080 1683 iis,
1113 1612 1156 1672 ad
1186 1628 1273 1690 quae
1296 1608 1453 1674 Schmidt
1480 1613 1691 1691 provocavit,
1725 1613 1791 1676 hoc
1817 1621 1951 1676 tantum

282 1697 505 1760 sollemnibus
527 1696 647 1759 ceteris
670 1697 814 1776 peractis
837 1697 938 1760 etiam
965 1698 1158 1778 convivium
1183 1718 1265 1759 mox
1288 1718 1364 1760 esse
1386 1701 1655 1762 subsecuturum.

394 1801 515 1865 Cetera
545 1800 721 1865 Schmidtii
751 1812 954 1886 argumenta
983 1823 1051 1865 non
1081 1803 1192 1866 minus
1221 1803 1350 1865 caduca
1379 1813 1458 1865 sunt
1487 1824 1591 1885 quam
1620 1825 1709 1886 quae
1738 1803 1968 1869 refutavimus.

282 1905 375 1968 enim
399 1905 535 1986 γλυκυν
564 1905 687 1983 κώμου
715 1904 908 1984 προφάταν
938 1927 1096 1980 „suavem
1127 1927 1273 1988 pompae
1300 1908 1555 1988 praenuntium‘·
1582 1908 1775 1992 significent
1804 1930 1873 1972 non
1902 1931 1970 1973 nec<

283 2033 363 2074 cum
400 2009 555 2075 Schmidt
589 2012 661 2094 ipse
690 2013 855 2075 concedat
885 2032 970 2074 voce
1001 2007 1117 2090 κῶμος
1153 2012 1255 2073 etiam
1286 2012 1479 2074 convivium
1511 2015 1681 2078 nonnullis
1715 1995 1797 2076 locis
1826 2017 1919 2095 apud
1948 2015 1970 2076 F

283 2115 476 2201 significari
528 2117 646 2198 Atque
676 2116 747 2180 aliis
776 2117 859 2178 locis
890 2137 960 2178 vox
987 2121 1101 2196 κῶμος
1140 2117 1277 2178 omnino
1307 2118 1473 2180 sollemne
1502 2119 1676 2200 quoddam
1705 2119 1888 2200 omniaque
1917 2122 1970 2181 sol

226 2251 232 2262 ¹
272 2223 536 2286 ,oblectamenta
565 2221 757 2306 significare
790 2221 932 2283 videtur.
991 2220 1039 2283 cf.
1069 2219 1122 2284 01.
1145 2220 1211 2294 VI,
1248 2227 1301 2286 18:
1347 2221 1451 2300 ἀνδρὶ
1484 2221 1607 2301 κώμου
1638 2221 1789 2308 δεσπότᾳ
1818 2235 1853 2286 et
1882 2224 1964 2286 Isth.

284 2330 346 2388 καὶ
374 2325 447 2406 γάρ
470 2323 536 2388 οὐκ
570 2320 722 2408 ἀγνῶτες
745 2324 828 2404 ὑμῖν
851 2325 917 2388 ἐντὶ
941 2323 1039 2402 δόμοι
1063 2325 1142 2390 orire
1167 2325 1309 2404 κώμων,
1333 2317 1362 2407 ὦ
1387 2323 1621 2408 Θρασύβουλ’,
1645 2327 1784 2404 ἐρατῶν
1805 2323 1887 2408 orire
1910 2333 1970 2406 μελ

285 2429 421 2492 ἀοιδᾶν.
477 2430 531 2492 De
554 2450 639 2493 voce
662 2427 774 2508 κῶμος
807 2429 847 2493 cf.
873 2430 1036 2492 Thiersch
1059 2431 1154 2493 Pind.
1177 2431 1258 2493 intr.
1281 2451 1312 2512 p.
1342 2452 1401 2509 114
1425 2449 1499 2510 sqq.
1523 2415 1566 2476 ’-

395 2534 525 2616 Quodsi
549 2534 705 2598 Schmidt
734 2535 867 2597 monuit
895 2535 1039 2616 primam
1064 2545 1098 2598 et
1120 2535 1256 2597 ultimas
1284 2537 1369 2598 duas
1399 2537 1555 2616 strophas
1585 2537 1742 2600 carminis
1772 2538 1932 2600 eximiam
1962 2559 1970 2598 ‹

285 2640 489 2703 hilaritatem
513 2640 743 2721 laetitiamque
767 2642 950 2715 declarare,
998 2641 1143 2703 eximiae
1172 2641 1272 2703 huius
1301 2641 1476 2704 hilaritatis
1506 2662 1547 2704 ac
1576 2643 1723 2706 laetitiae
1752 2644 1908 2731 quamvis
1938 2663 1970 2722 a}

285 2746 331 2807 ad
362 2745 552 2807 convivium
586 2745 668 2807 alias
697 2765 816 2808 causas
852 2745 972 2808 afferre
1008 2766 1197 2827 possumus.
1242 2745 1419 2808 Admonet
1449 2746 1537 2808 enim
1568 2756 1671 2827 poeta
1690 2747 1862 2810 ¹victorem
1891 2749 1971 2808 rebu

284 2851 540 2914 celeberrimum
571 2851 764 2932 optimeque
792 2851 965 2922 meritum,
994 2864 1032 2913 ut
1061 2852 1128 2914 iam
1158 2841 1289 2912 fruatur
1317 2851 1386 2942 otio
1409 2851 1707 2933 voluptatibusque
1738 2873 1779 2915 ac
1802 2853 1931 2914 deliciis
1954 2873 1971 2912 v

287 2956 420 3038 paratis
465 2957 587 3018 Nonne
611 2955 775 3020 eiusmodi
799 2957 982 3019 admonitio
1004 2957 1072 3019 iarn
1095 2977 1156 3039 per
1178 2977 1215 3019 se
1238 2957 1441 3018 hilaritatem
1460 2958 1636 3046 quandam
1660 2950 1795 3024 efficere
1817 2961 1965 3039 potestl.

395 3060 543 3126 Omnino
567 3081 620 3136 ea,
651 3082 738 3143 quae
763 3061 917 3126 Schmidt
939 3063 1125 3145 proposuit,
1153 3082 1221 3142 quo
1249 3073 1402 3142 tempore
1425 3071 1460 3123 et
1482 3081 1551 3142 qua
1571 3062 1703 3124 ratione
1725 3082 1861 3126 carmen
1884 3063 1928 3124 sit
1951 3082 1970 3123 c

288 3175 358 3226 tam
375 3166 551 3229 insolentia
565 3177 651 3240 sunt,
671 3177 708 3229 ut
727 3167 787 3229 vix
802 3168 958 3249 cuiquam
978 3168 1113 3249 probari
1128 3167 1266 3250 possint
1300 3167 1422 3246 'Nemo
1439 3167 1530 3240 alius
1546 3176 1710 3249 quantum
1727 3167 1861 3240 scimus
1878 3167 1971 3229 eiusn

285 3271 427 3333 tentiam
440 3292 628 3354 proponere
644 3283 785 3335 conatus
805 3284 865 3335 est.
900 3273 1042 3336 Carmen
1061 3273 1237 3355 epinicium
1253 3273 1287 3334 in
1305 3272 1379 3354 ipso
1394 3272 1550 3334 convivio
1568 3273 1655 3334 inter
1669 3272 1792 3352 pocula
1807 3280 1971 3338 cantatuu

287 3377 409 3456 amicis⁴
419 3378 673 3460 hospitibusque
689 3377 838 3441 Chromii
858 3379 1146 3460 compotantibusi
1190 3378 1332 3439 Poetam
1348 3387 1472 3464 autem,
1496 3397 1573 3439 cum
1591 3396 1727 3440 carmen
1743 3377 1912 3451 scriberet,
1935 3379 1971 3438 h(

289 3482 532 3562 respicientem,
557 3485 650 3564 quod
672 3484 831 3565 hospites,
854 3484 976 3566 quibus
1000 3503 1136 3545 carmen
1159 3483 1349 3545 canendum
1366 3491 1464 3555 esset,
1487 3482 1519 3544 in
1544 3481 1784 3545 difficilioribus
1807 3483 1923 3544 metris
1944 3492 1971 3544 tr

288 3608 408 3668 parurn
432 3597 544 3650 essent
567 3590 748 3664 exercitati,
772 3592 929 3670 strophas
952 3591 1074 3651 breves
1104 3586 1213 3649 forma
1243 3588 1517 3669 monostrophica
1544 3587 1858 3669 simplicissimoque
1888 3597 1971 3650 metr

286 3691 534 3773 composuisse!
579 3693 648 3757 Sed
672 3693 809 3758 Graecis
832 3715 991 3756 numeros
1014 3695 1047 3755 in
1071 3693 1273 3754 carminibus
1297 3694 1471 3756 cantandis
1494 3695 1586 3755 haud
1608 3703 1679 3755 tam
1704 3713 1867 3777 magnam
1897 3691 1971 3755 diffii

284 3798 440 3860 attulisse
469 3799 580 3879 liquet,
604 3789 692 3862 cum
706 3821 922 3864 numerorum
945 3799 1177 3881 percussiones
1201 3800 1244 3859 ab
1260 3818 1309 3872 e0,
1333 3798 1391 3880 qui
1406 3807 1545 3860 cantum
1569 3800 1788 3880 chorumque
1801 3798 1970 3881 dirigebat

285 3923 367 3964 curn
391 3903 532 3984 strepitu
555 3904 694 3968 indicari
716 3907 803 3987 pede
826 3907 982 3968 solerent.

396 4008 531 4073 Pindari
550 4012 697 4073 carmina
713 4011 853 4092 epinicia
868 4032 889 4073 a
907 4011 1017 4073 choris
1033 4010 1180 4072 virorum
1199 4009 1405 4070 iuvenumve
1423 4010 1510 4070 bene
1529 4008 1721 4070 exercitatis
1739 4016 1876 4070 cantata
1894 4027 1969 4070 esse

289 4110 476 4176 Schmidtio
500 4133 617 4177 omnes
641 4116 861 4178 consentiunt.
907 4115 957 4191 (cf.
981 4136 1068 4196 quae
1091 4115 1254 4176 Thiersch
1277 4116 1406 4176 dehac
1429 4134 1466 4176 re
1488 4114 1680 4194 disputavit,
1704 4114 1798 4177 Pind
1821 4115 1842 4178 1.
1861 4133 1888 4175 c.
1911 4134 1942 4194 p.
1969 4135 1971 4173 z

288 4216 479 4281 Choreutae
502 4240 523 4281 a
545 4219 690 4282 Pindaro
713 4222 786 4301 ipso
808 4220 956 4282 τέκτονες
987 4218 1120 4297 κώμων
1143 4220 1194 4298 (N.
1217 4217 1286 4290 111,
1307 4221 1347 4298 4),
1370 4217 1515 4281 artifices
1538 4219 1725 4281 carminum
1740 4238 1889 4292 suorum,
1913 4239 1971 4298 apr

290 4322 400 4385 Multo
423 4324 629 4404 probabilius
646 4334 743 4398 esset,
766 4325 795 4386 si
810 4323 965 4387 Schmidt
987 4344 1054 4385 non
1079 4323 1206 4386 amicos
1230 4325 1434 4386 accubantes
1457 4325 1518 4386 sed
1541 4323 1624 4384 alios
1633 4325 1807 4406 quosdam
1824 4324 1880 4384 vel
1895 4321 1971 4404 Syra

289 4428 346 4489 vel
368 4427 542 4491 Aetnaeos
573 4431 731 4493 cantandi
760 4429 972 4511 saltandique
995 4429 1128 4510 peritos,
1152 4448 1229 4490 curn
1254 4428 1352 4490 amici
1371 4428 1615 4501 accubuissent,
1639 4448 1776 4491 carmen
1798 4427 1959 4490 cecinisse

289 4531 359 4594 Sed
381 4534 468 4598 inter
489 4537 610 4615 pocula
633 4556 776 4624 carmen¹
792 4537 963 4617 quoddam
988 4535 1165 4616 epinicium
1186 4543 1358 4596 cantatum
1383 4554 1458 4596 esse
1483 4533 1620 4596 omnino
1643 4534 1823 4597 verisimile
1845 4553 1913 4595 non
1938 4552 1971 4593 es

280 4638 482 4702 convivium
505 4639 594 4702 enim
617 4661 777 4722 pompam
802 4643 938 4703 ductam
963 4662 1046 4712 esse,
1069 4640 1103 4702 id
1126 4641 1218 4721 quod
1241 4638 1397 4704 Schmidt
1420 4640 1600 4713 contendit,
1624 4640 1776 4721 cogitare
1799 4658 1868 4699 non
1885 4637 1971 4702 licet.

291 4742 379 4804 enim
408 4742 557 4826 ignorat,
587 4755 720 4808 veteres
748 4749 832 4808 hora
861 4747 1091 4827 pomeridiana
1119 4747 1191 4807 sole
1220 4745 1287 4806 iam
1318 4744 1500 4808 inclinante
1529 4747 1731 4808 accumbere
1760 4763 1870 4824 neque
1900 4753 1971 4805 tam

277 4868 431 4932 ‚surgere
453 4869 474 4910 a
497 4868 602 4911 coena
625 4849 741 4912 solitos
766 4870 850 4913 esse.

398 4954 554 5035 Quonam
591 4965 704 5018 autem
735 4965 889 5037 tempore
910 4975 1037 5036 pompa
1060 4955 1162 5018 ducta
1185 4963 1288 5029 esset,
1311 4955 1340 5017 si
1363 4955 1554 5018 convivium
1579 4954 1646 5015 iam
1670 4952 1864 5036 incepisset,
1887 4974 1965 5016 curn

289 5063 486 5124 caneretur?
530 5060 590 5124 An
620 5063 781 5142 vespere?
828 5060 972 5124 Credere
999 5080 1067 5121 non
1090 5079 1285 5141 possumus,
1314 5059 1378 5124 nisi
1406 5059 1494 5122 forte
1528 5079 1690 5140 pompam
1713 5059 1805 5122 illam
1832 5060 1885 5121 vel
1907 5051 1971 5135 voi,

284 5165 438 5248 tumultu
467 5185 662 5248 magnaque
695 5187 773 5230 cum
803 5166 988 5248 petulantia
1015 5168 1134 5228 urbem
1164 5167 1417 5246 perambulasse
1445 5165 1636 5228 statuimus,
