4132 5570
919 611 992 675 12.

833 697 1036 706 ———-

13 833 89 892 erat
111 829 297 894 contentus,
322 819 383 883 sed
404 818 460 881 vel
483 827 600 881 contra
623 815 763 879 deorum
787 813 1000 878 manifestam
1023 811 1233 874 voluntatem
1257 832 1425 876 unacum
1447 812 1658 895 Amphiarao
1681 813 1855 896 proiectus

12 913 68 1006 gest
91 935 207 990 contra
229 925 379 988 Thebas:
403 921 621 1008 φαινομέναν
645 919 737 1000 δἀ”ρ’
761 920 796 981 ἐς
820 922 914 982 ἄταν
937 920 1082 984 σπεῦδεν
1105 912 1218 997 ὅμιλος
1246 917 1385 980 ἱκέσθαι.
1439 917 1613 982 Perierunt
1640 917 1709 982 fere
1733 940 1854 983 omnes

12 1027 53 1093 1ἐν
75 1033 274 1105 δαιμονίοισι
296 1027 426 1114 φόβοις.
472 1027 529 1089 Dii
551 1026 639 1090 enim
662 1025 870 1089 immiserant
898 1023 961 1105 ipsi
983 1023 1131 1086 subitum
1154 1030 1315 1084 terrorem
1335 1022 1629 1106 turpissimumque
1651 1022 1784 1108 fugam,
1814 1033 1855 1088 ut

10 1131 254 1220 ulciscerentur
276 1133 467 1216 superbiam
490 1132 582 1194 illam
605 1131 810 1212 nimiamque
833 1129 885 1192 sui
907 1127 1155 1194 Οθῐὶἦᾶθῐὶῒὶἃῐῐὶ·

121 1238 175 1301 Ita
190 1259 235 1301 ex
250 1238 400 1322 mythica
415 1237 570 1300 carminis
584 1244 680 1317 parte
695 1234 765 1298 fere
782 1235 873 1297 idem
888 1233 1046 1316 sequitur,
1061 1234 1152 1314 quod
1171 1204 1275 1296 Solon
1291 1233 1378 1296 notis
1392 1233 1456 1296 illis
1467 1254 1506 1297 ac
1517 1235 1727 1352 pervulgatis
1740 1234 1855 1298 verbis

8 1344 199 1428 expressit:
222 1339 397 1422 Μηδὲν
368 1365 477 1426 αμαν.
523 1340 761 1423 Temperantia
784 1341 889 1424 igitur
911 1340 1167 1402 commendatur
1188 1337 1311 1421 fabula.

122 1448 201 1522 Hoc
222 1448 373 1530 plerique
394 1447 592 1531 interpretes
614 1455 706 1510 recte
729 1447 967 1509 intellexerunt
995 1463 1106 1525 neque
1134 1450 1250 1506 tamen
1278 1443 1380 1506 hac
1372 1464 1407 1505 1n
1430 1445 1581 1528 generali
1610 1444 1748 1508 fabulae
1778 1466 1854 1509 sen·

5 1553 121 1618 tentra
143 1553 391 1634 acquieverunt.
452 1550 488 1615 Si
517 1560 631 1614 autem
655 1550 963 1632 comparaverimus
990 1569 1068 1612 cum
1091 1549 1242 1632 mythica
1272 1549 1427 1612 carminis
1456 1559 1552 1631 parte
1576 1551 1623 1612 alt
1609 1555 1729 1625 teram,
1759 1571 1854 1632 quae

4 1665 140 1740 ‘preces
162 1659 287 1731 laudes,
310 1656 553 1720 admonitiones
577 1656 737 1730 continet,
760 1655 949 1719 videbimus
971 1655 1139 1736 poetam
1131 1675 1165 1717 m
1188 1655 1283 1716 exitu
1304 1654 1404 1717 huius
1420 1655 1555 1718 alterius
1577 1656 1681 1738 partis
1704 1657 1847 1720 similem

2 1761 189 1844 quandam
213 1762 414 1845 sententiam
436 1781 624 1844 proponere
642 1781 686 1824 ac
709 1762 819 1843 priore
840 1769 944 1842 parte
998 1760 1088 1823 Dicit
1111 1761 1200 1823 enim
1223 1779 1271 1822 vs.
1296 1763 1347 1838 46.
1375 1770 1423 1842 sq.
1447 1761 1476 1823 εἰ
1495 1759 1566 1841 γὰρ
1590 1785 1667 1844 αμα
1695 1759 1847 1824 κτεάνοις

1 1870 151 1947 ,πολλοῖς
191 1865 349 1932 ἐπίδοξον
383 1863 511 1946 ἄρηται
546 1861 663 1939 κῦδος,
701 1861 806 1926 οὐκέτ’
839 1865 905 1924 ἔστι
935 1863 1067 1928 θνατὸν
1099 1864 1144 1925 ἔτι
1176 1855 1319 1925 σκοπιάς
1358 1865 1478 1926 ullas
1499 1863 1701 1946 ἐφάψασδαι
1721 1866 1851 1926 ποδοὶν.

1 1968 200 2051 Postquam
223 1969 398 2033 Aetnaeos
420 1969 570 2031 laudavit
593 1969 637 2031 ob
660 1967 801 2030 virtutes
824 1967 962 2031 bellicas
984 1988 1025 2030 ac
1047 1967 1171 2040 civiles
1199 1965 1361 2048 imprimis
1386 1965 1533 2030 Chromii
1555 1966 1786 2030 fortitudinem
1811 1987 1854 2030 ac

14 2075 225 2156 prudentiam
248 2075 389 2138 summis
425 2074 579 2137 laudibus
608 2073 756 2147 sustulit,
780 2072 828 2135 510
850 2073 977 2156 pergit:
1000 2072 1037 2133 ἐκ
1059 2069 1179 2134 πόνων
1202 2069 1240 2146 δ’,
1271 2077 1305 2134 οἵ
1333 2067 1399 2133 σύν
1428 2068 1561 2135 νεότατι
1591 2073 1760 2155 γένωνται
1784 2068 1853 2136 σύν

16 2197 50 2239 τε
71 2179 159 2257 δέκα,
180 2155 302 2241 releba
323 2177 411 2256 apos
432 2182 550 2259 γῆρας
571 2175 659 2239 αἰων
674 2175 791 2256 ἁμέρα
814 2197 821 2210 ·
844 2183 928 2240 1στω
943 2175 1067 2256 λαχών
1089 2173 1171 2254 πρὸς
1200 2170 1374 2254 δαιμόνων
1388 2173 1595 2255 θαυμαστὸν
1610 2176 1730 2255 ὄλβον.
1777 2161 1853 2252 „Ex

16 2281 186 2344 laboribus
208 2281 243 2343 in
265 2280 439 2344 iuventute
462 2281 548 2343 iuste
570 2282 715 2362 peractis
738 2279 952 2344 efflorescunt
974 2279 1047 2342 seni
1069 2279 1140 2340 dies
1163 2277 1276 2360 quieti.
1338 2279 1391 2341 Tu
1413 2298 1508 2353 ver0,
1541 2277 1711 2356 Chromie‚
1746 2303 1767 2344 a
1790 2283 1855 2346 diis

16 2385 202 2450 mirabilem
225 2395 344 2450 nactus
368 2407 404 2449 es
426 2385 646 2448 felicitatem.“

123 2491 251 2573 Quodsi
274 2491 431 2568 continuo
454 2499 556 2572 poeta
578 2491 778 2554 sententiam
801 2490 892 2552 illam
910 2489 1125 2572 generalem,
1149 2508 1251 2570 quam
1275 2488 1379 2552 modo
1401 2489 1585 2564 citavimus,
1610 2491 1716 2568 addit,
1741 2494 1855 2558 ουκὲτ’

16 2593 82 2656 ἔστι
103 2593 224 2674 πόρσω
247 2605 317 2671 etc,
340 2596 421 2678 quid
443 2597 527 2658 haec
550 2597 663 2658 omnia
685 2596 747 2659 sibi
770 2596 909 2658 volunt?
939 2595 1060 2658 Nonne
1082 2594 1172 2656 idem
1195 2595 1260 2658 hoc
1283 2595 1358 2658 1000
1374 2603 1531 2658 monetur
1545 2595 1657 2660 verbis
1673 2599 1854 2680 expressis,
1934 2620 1946 2643 f

15 2683 106 2784 quod
128 2710 229 2764 antea
250 2710 351 2784 poeta
372 2689 647 2783 pronuntiaverat
669 2701 810 2765 Adrasti
833 2701 990 2782 exemplo
1013 2699 1208 2782 proposito?

122 2806 317 2871 Chromium
333 2806 476 2896 strenuis
499 2807 669 2872 laboribus
684 2826 853 2870 summam
869 2814 1069 2868 consecutus
1092 2813 1144 2868 est
1166 2814 1200 2868 et
1223 2806 1367 2890 gloriam
1391 2815 1425 2870 et
1442 2805 1627 2870 fortunam:
1651 2809 1847 2890 acquiescat

15 2913 49 2974 in
71 2913 125 2988 iis,
163 2933 250 2994 quae
276 2891 386 2974 habet.
447 2912 634 2995 Hucusque
664 2933 701 2975 se
731 2911 890 2975 abstinuit
918 2909 1036 2972 iniuria
1066 2911 1245 2993 omniaque
1274 2911 1346 2994 egit
1369 2909 1436 2975 σύν
1460 2915 1557 2996 diua:
1595 2933 1639 2976 ne
1661 2913 1784 2977 incidat
1812 2915 1848 2977 in

16 3016 211 3100 superbiam
234 3036 322 3080 neve
345 3017 502 3081 admittat
524 3017 627 3081 nefas
683 3018 736 3082 Ne
759 3017 839 3100 quid
862 3013 979 3079 nimis!
1032 3015 1106 3078 Iam
1135 3024 1314 3079 contentus
1341 3015 1393 3080 sit.
1453 3017 1555 3100 Quod
1577 3018 1747 3082 Adrastus
1770 3038 1851 3082 cum

15 3143 77 3184 sua
99 3142 303 3206 suorumque
325 3122 470 3205 pernicie
499 3125 699 3206 neglexerat
720 3126 755 3186 in
777 3142 911 3185 summo
940 3120 1095 3184 fortunae
1123 3121 1271 3206 fastigi0,
1303 3142 1347 3186 ne
1368 3123 1403 3185 id
1432 3123 1589 3208 negligat
1612 3114 1789 3188 Chromius
1813 3113 1852 3188 et

15 3226 94 3308 ipse.
117 3304 120 3310 J
139 3227 285 3318 Fruatur
306 3229 417 3310 potius
439 3229 537 3292 bonis
559 3229 626 3291 iam
649 3229 762 3311 partis.

122 3331 176 3394 Ita
197 3333 285 3414 parti
298 3334 469 3417 mythicae
488 3344 523 3396 et
545 3334 640 3397 alteri
661 3334 750 3416 parti
767 3331 930 3407 carminis,
953 3330 987 3394 in
1010 3352 1078 3414 qua
1091 3342 1200 3414 poeta,
1224 3342 1262 3396 ut
1284 3333 1430 3397 Dissenii
1452 3343 1528 3398 utar
1550 3337 1664 3410 verbo,
1688 3335 1852 3398 directam

17 3437 168 3501 adhibuit
190 3437 384 3512 orationem,
407 3458 476 3501 una
498 3438 684 3522 eademque
707 3439 824 3501 subest
846 3437 1012 3500 sententia
1034 3439 1212 3521 generalis.

123 3542 307 3606 Rationem
331 3552 444 3606 autem
468 3563 558 3617 eam,
591 3563 658 3626 qua
679 3559 781 3625 poeta
803 3541 942 3605 carmini
962 3541 1111 3607 fabulam
1134 3543 1292 3619 inseruit,
1321 3545 1527 3627 aptissimam
1552 3545 1784 3608 existimamus
1807 3545 1855 3608 ad

17 3649 252 3711 celebrandam
283 3648 460 3724 victoriam¹
481 3648 627 3732 Sicyone
655 3657 795 3730 partam.
822 3697 826 3706 .
851 3648 1009 3729 Namque
1031 3647 1143 3730 Φοίβῳ
1167 3647 1274 3726 θῆκεν
1294 3650 1486 3730 νΑδραστος
1514 3645 1561 3712 ἐπ’
1588 3640 1750 3712 Ἀσωποῦ
1779 3647 1850 3733 ῥεέ-

17 3753 110 3829 θροις
137 3751 272 3834 (lanima
293 3751 415 3815 ἄθλων
441 3751 631 3836 κορυφάν).
690 3754 863 3818 Ludorum
892 3753 996 3838 igitur
1028 3753 1236 3816 conditorem
1271 3752 1384 3834 itaque
1413 3753 1588 3816 victoriam
1624 3761 1658 3816 et
1686 3754 1852 3818 victorem

16 3854 126 3937 ipsum
166 3857 394 3922 celebraturus
426 3858 505 3922 dicit
534 3857 720 3940 ἐπασκήσω
755 3862 891 3922 κλυταῖς
933 3853 1037 3938 ἥρωα
1066 3867 1174 3936 τιμαῖς
1210 3867 1390 3940 narratque
1422 3858 1519 3939 quasi
1553 3880 1598 3922 ex
1629 3860 1709 3943 lege
1738 3847 1853 3942 poesis

18 3961 170 4024 choricae
200 3963 330 4026 variam
359 3964 469 4027 herois
498 3963 678 4027 fortunam.
734 3964 855 4046 Neque
883 3963 980 4027 nobis
1009 3963 1142 4026 videtur
1164 3964 1355 4046 quaerenda
1378 3983 1452 4027 esse
1482 3985 1559 4028 cum
1583 3964 1763 4028 Leutschio
1785 3964 1857 4027 alia

17 4085 127 4140 causa,
150 4086 210 4129 cur
230 4077 332 4150 poeta
349 4068 495 4150 priorem
511 4067 645 4131 fabulae
662 4077 794 4151 partem
812 4067 998 4131 narraverit
1020 4069 1137 4150 (usque
1160 4070 1204 4131 ad
1226 4089 1275 4135 15.
1301 4069 1370 4150 17..)
1415 4068 1558 4132 Adrasti
1578 4070 1735 4133 laudibus
1759 4089 1852 4179 com·

16 4171 210 4234 modissime
225 4173 460 4254 respondent'
451 4193 486 4236 11
509 4175 614 4237 altera
635 4183 732 4257 parte
754 4173 909 4237 carminis
928 4172 1045 4236 laudes
1068 4171 1224 4237 Chromii.

123 4274 192 4340 Sed
214 4279 258 4341 de
275 4279 518 4360 compositione
534 4279 730 4343 carminum
735 4278 950 4362 epiniciorum
974 4300 995 4342 a
1017 4279 1162 4342 Pindaro
1184 4299 1253 4342 non
1275 4279 1412 4342 inventa
1435 4280 1570 4362 quidem
1593 4283 1655 4344 sed
1677 4289 1769 4345 certe
1791 4301 1854 4344 ex·

17 4382 115 4456 culta,
139 4402 241 4463 quam
264 4391 380 4457 nostra
397 4384 560 4446 memoria
582 4384 724 4469 Mezger
745 4392 780 4448 et
794 4385 944 4448 Litbbert
967 4405 988 4446 a
1009 4384 1205 4468 Terpandro
1224 4386 1335 4448 denuo
1350 4387 1527 4468 repetitam
1544 4388 1671 4462 volunt,
1694 4387 1760 4450 alio
1775 4386 1855 4449 loco

17 4495 60 4549 et
75 4495 227 4570 tempore
249 4487 425 4552 hominum
450 4488 719 4552 doctissimorum
742 4489 925 4552 sententias
949 4487 1168 4556 conferemus
