4132 5570
1119 596 1157 658 ll

213 806 323 868 inesse
346 801 480 865 fabulae
504 799 583 864 dicit
606 799 755 862 Boeckh.
801 797 870 863 Sed
898 797 931 860 in
954 799 1110 863 universa
1132 797 1274 862 Adrasti
1302 797 1416 861 fabula
1445 798 1504 861 vix
1526 797 1719 880 quisquam,
1748 798 1807 881 qui
1836 818 1972 862 cannen

213 910 330 974 audiat
344 907 401 970 vel
423 909 524 990 legat,
541 904 689 970 Chromii
703 906 820 967 laudes
835 905 944 968 inesse
959 904 1097 968 bellicas
1112 901 1209 968 facile
1223 903 1287 968 sibi
1302 905 1525 987 persuadebit,
1541 904 1737 986 praesertim
1760 923 1838 968 cum
1855 903 1986 969 Chromi

213 1034 324 1098 neque
346 1013 498 1076 Adrasto
522 1031 632 1093 neque
654 1008 865 1092 Amphiarao
888 1013 1152 1092 comparandum
1176 1031 1254 1092 esse
1272 1011 1345 1091 ipse
1367 1009 1509 1073 Boeckh
1532 1011 1742 1074 concesserit.

321 1119 386 1182 His
416 1120 459 1181 de
489 1117 598 1181 causis
627 1116 750 1180 Dissen
780 1115 878 1178 aliam
908 1116 1083 1198 proposuit
1113 1114 1247 1179 fabulae
1278 1115 1496 1196 explicandae
1526 1115 1702 1183 rationem.
1761 1115 1817 1179 Ac
1846 1116 1986 1179 sententi

213 1225 349 1310 quidem
372 1224 548 1287 universae
571 1222 705 1285 fabulae
727 1220 913 1284 subiectam
936 1220 1081 1303 primum
1105 1230 1269 1303 spectans.
1292 1221 1412 1284 deinde
1434 1220 1585 1285 fabulam
1614 1240 1813 1304 comparans
1836 1241 1914 1285 cum
1938 1241 1986 1304 „pr

212 1331 400 1404 sentibus“‚
431 1347 515 1410 quas
545 1326 639 1402 dicit,
669 1325 824 1389 carminis
852 1328 968 1401 rebus,
998 1325 1139 1390 Adrasti
1167 1325 1283 1389 fabula
1310 1336 1446 1409 poetam
1479 1328 1647 1390 deterrere
1676 1327 1823 1390 voluisse
1853 1326 1986 1390 Chromi

210 1436 449 1524 principesque
463 1431 702 1518 Syracusanos,
725 1452 769 1494 ne
790 1452 882 1494 nova
899 1432 1096 1496 molirentur
1110 1433 1207 1506 bella,
1225 1432 1289 1495 sibi
1306 1433 1494 1514 persuadet.
1539 1431 1586 1495 Et
1600 1431 1785 1496 Hieronem
1801 1441 1836 1496 et
1850 1431 1987 1496 Chromi

210 1544 279 1608 iam
305 1559 475 1604 summam
498 1547 671 1602 assecutos
693 1557 768 1600 esse
791 1537 935 1621 gloriam
958 1536 1121 1602 bellicam.
1167 1536 1253 1601 Cum
1277 1537 1386 1622 gloria
1408 1545 1522 1601 autem
1545 1557 1585 1601 ac
1604 1537 1755 1620 potentia
1770 1539 1915 1603 crevisse
1931 1557 1987 1601 eor

211 1647 431 1724 ambitionem
456 1664 495 1708 ac
518 1664 628 1708 novae
651 1642 779 1727 gloriae
801 1643 1000 1726 cupidinem.
1031 1657 1032 1662 ’

320 1751 372 1815 Ut
395 1748 467 1814 aliis
490 1749 693 1813 carminibus
716 1747 844 1824 multis,
874 1749 922 1812 ita
949 1758 1065 1813 nostro
1092 1768 1227 1831 quoque
1256 1747 1486 1811 commendari
1515 1747 1780 1812 moderationem
1803 1748 1883 1812 viris
1912 1768 1987 1811 sum

210 1857 337 1922 virtute
378 1875 580 1937 summaque
616 1855 715 1918 laude
750 1853 831 1916 belli
865 1855 1061 1940 insignibus
1119 1853 1347 1917 insatiabilem
1384 1851 1513 1936 gloriae
1547 1852 1741 1918 aviditatem
1775 1855 1949 1937 displicere
1977 1873 1986 1916 ι

211 1963 314 2028 Hanc
337 1959 538 2025 sententiam
562 1959 671 2022 inesse
700 1959 735 2021 in
763 1958 879 2024 fabula
908 1960 951 2024 de
972 1959 1114 2023 Adrasti
1143 1959 1379 2040 exercitusque
1400 1957 1526 2042 Argivi
1554 1957 1689 2022 interitu
1718 1969 1861 2027 narrata.
1914 1959 1986 2041 Qua

209 2067 401 2132 narratione
426 2064 605 2128 nonnullas
627 2083 689 2137 res,
713 2071 751 2127 ut
773 2063 866 2127 litem
889 2063 976 2126 inter
997 2063 1187 2128 Adrastum
1210 2072 1245 2127 et
1267 2062 1515 2144 Amphiaraum
1539 2072 1708 2139 exortam,
1738 2084 1849 2146 neque
1877 2066 1922 2128 ad
1944 2063 1986 2128 Ch

210 2173 317 2238 mium
340 2191 453 2254 neque
476 2170 520 2233 ad
543 2167 727 2232 Hieronem
751 2168 917 2250 pertinere
939 2170 1000 2232 sed
1022 2171 1066 2232 ad
1088 2168 1314 2232 necessarium
1336 2169 1495 2232 historiae
1517 2167 1676 2233 fabularis
1697 2190 1836 2237 nexum.

319 2276 396 2358 Qua
420 2277 454 2339 in
476 2273 622 2338 Dissenii
643 2273 917 2357 interpretatione
940 2275 1089 2338 Leutsch
1118 2276 1184 2338 hoc
1212 2273 1440 2356 reprehendit,
1470 2277 1562 2356 quod
1584 2277 1690 2339 altera
1718 2275 1853 2340 fabulae
1874 2295 1953 2358 pars
1975 2297 1986 2340 ε

209 2383 422 2466 respiciatur;
444 2381 517 2464 ipse
539 2388 653 2444 autem
676 2379 868 2444 universam
891 2380 1041 2444 fabulam
1060 2383 1106 2444 ad
1120 2381 1218 2443 unius
1234 2379 1382 2444 Chromii
1399 2399 1453 2444 res
1467 2389 1615 2444 revocat
1660 2381 1818 2446 Chromio
1833 2401 1895 2463 per
1909 2402 1986 2444 omn

209 2491 317 2556 vitam
339 2489 468 2553 multos
490 2485 700 2549 adversarios
722 2485 837 2550 fuisse:
867 2486 910 2577 id,
924 2507 970 2549 ex
991 2507 1126 2551 summa
1153 2485 1216 2549 viri
1245 2486 1410 2570 dignitate
1438 2506 1549 2568 neque
1578 2486 1689 2550 minus
1719 2507 1739 2550 e
1767 2507 1878 2551 rerum
1903 2485 1986 2570 Syra

209 2614 368 2662 sanarum
394 2591 590 2657 condicione
612 2590 708 2654 facile
731 2591 845 2675 colligi
866 2611 974 2673 posse,
997 2601 1171 2676 praeterea
1192 2591 1272 2674 ipsis
1295 2591 1430 2655 Pindari
1451 2591 1564 2654 verbis
1594 2593 1815 2674 comprobari.
1862 2589 1916 2676 (N.
1939 2592 1964 2659 I.

209 2700 354 2782 λέλογχε
377 2693 413 2759 δὲ
434 2695 662 2777 μεμφομένοις
684 2695 803 2758 ἐσλούς
830 2689 929 2774 ὕδωρ
951 2694 1077 2775 καπνῷ
1098 2696 1214 2776 φέρειν,
1236 2692 1354 2756 ἀντίον
1376 2695 1462 2781 κτλ.)
1508 2697 1561 2759 Ita
1589 2695 1664 2760 fieri
1684 2697 1849 2779 potuisse,
1878 2706 1917 2760 ut
1939 2695 1986 2760 Ch

208 2805 298 2870 mius
320 2803 526 2887 aliquamdiu
549 2801 660 2886 gratia
682 2801 840 2865 Hieronis
869 2801 993 2864 amissa
1021 2803 1258 2866 demoveretur
1286 2821 1308 2863 a
1329 2801 1470 2882 publicis
1492 2801 1653 2886 negotiis,
1675 2804 1778 2881 paulo
1799 2812 1878 2886 post
1899 2803 1955 2865 vel

209 2911 313 2994 ipsius
336 2909 515 2992 prudentia
537 2908 593 2971 vel
616 2906 798 2980 Aristonoi,
821 2907 936 2970 uxoris
958 2907 1076 2982 fiatn'S,
1100 2907 1226 2971 auxilio
1249 2907 1362 2989 (schol.
1385 2905 1426 2970 N.
1448 2905 1520 2982 IX.
1545 2907 1607 2989 95.)
1630 2927 1745 2972 rursus
1768 2907 1914 2990 primum
1938 2907 1986 2992 dig

208 3017 288 3082 tatis
311 3025 419 3098 atque
441 3013 578 3077 honoris
600 3019 862 3094 consequeretur
884 3013 1037 3096 gradum.
1083 3013 1184 3077 Hanc
1207 3021 1320 3076 autem
1336 3032 1449 3075 rerum
1464 3011 1686 3075 mutationem
1701 3021 1837 3095 poetam
1853 3013 1987 3094 respexi

208 3122 317 3186 videri
351 3141 418 3184 vss.
456 3137 591 3199 11—17.
647 3118 804 3181 Alteram
836 3115 970 3180 fabulae
1002 3127 1133 3200 partem
1166 3116 1322 3204 (18—27)
1355 3117 1502 3180 Leutsch
1534 3136 1612 3179 cum
1643 3117 1799 3181 Dissenio
1830 3120 1875 3182 ad
1907 3137 1986 3182 cons

208 3228 376 3310 quaedam
393 3224 513 3288 bellica
525 3223 637 3298 refert,
645 3242 732 3304 quae
744 3221 938 3285 Chromium
952 3222 1150 3287 meditatum
1167 3243 1241 3286 esse
1257 3242 1335 3286 cum
1351 3221 1507 3285 affinibus
1529 3222 1597 3286 suis
1612 3222 1742 3292 conicit.
1775 3223 1898 3287 Verbis
1917 3225 1954 3286 ἐν
1973 3247 1986 3306 ι

212 3332 414 3413 δαιμονίοισι
446 3328 585 3413 φόβοιοι
613 3325 778 3413 φεύγοντι
804 3331 864 3390 καὶ
891 3328 1012 3389 παῖδες
1039 3333 1133 3394 θεῶν
1160 3328 1290 3391 moneri
1318 3327 1488 3403 victorem,
1517 3347 1561 3390 ne
1583 3328 1682 3392 nimis
1711 3327 1893 3393 confideret
1921 3329 1986 3392 viri

208 3435 279 3499 suis
310 3435 468 3518 quamvis
497 3433 663 3498 maximis.
715 3431 873 3494 Fortasse
901 3431 1096 3496 Chromium
1126 3443 1322 3515 ceterosque
1351 3432 1516 3515 principes
1538 3432 1770 3516 Syracusanos
1800 3443 1917 3498 contra
1938 3434 1986 3497 Α(

210 3551 351 3627 gentem
384 3551 419 3604 et
442 3541 620 3603 Himeram
649 3539 776 3602 bellum
806 3537 940 3600 molitos
970 3557 1058 3614 esse,
1088 3539 1209 3622 quibus
1239 3538 1377 3602 urbibus
1397 3537 1548 3614 Graecis,
1578 3549 1617 3603 ut
1644 3548 1833 3624 parcerent,
1863 3540 1986 3603 Pindar

209 3646 357 3711 voluisse
380 3646 527 3710 carmine
549 3665 612 3708 suo
635 3641 777 3707 efficere.

318 3751 477 3816 Fortasse
501 3751 601 3814 etiam
624 3771 729 3813 unum
753 3772 798 3815 ex
818 3747 965 3813 Chromii
986 3749 1180 3832 propinquis
1196 3747 1443 3834 (Aristonoum)
1466 3750 1566 3826 idern,
1585 3753 1676 3834 quod
1692 3750 1883 3827 Pindarum,
1902 3750 1986 3814 sensi

208 3877 251 3921 ac
273 3857 401 3920 bellum
425 3865 543 3920 contra
566 3853 714 3920 Graecos
736 3855 810 3919 illos
829 3853 1077 3938 suscipiendum
1101 3854 1304 3930 dissuasisse,
1331 3875 1375 3918 ne
1398 3855 1497 3919 unius
1515 3856 1577 3919 viri
1600 3857 1738 3920 ambitio
1760 3858 1915 3939 perderet
1937 3864 1986 3919 tot

209 3971 373 4050 gentem.
408 3961 461 4025 Ita
491 3961 592 4025 etiam
623 3962 665 4024 de
688 3960 887 4045 Amphiarai
915 3979 1059 4041 persona
1088 3960 1122 4026 in
1151 3959 1300 4024 fabulam
1329 3960 1454 4024 inserta
1483 3960 1580 4026 facile
1601 3983 1702 4044 posse
1724 3961 1838 4027 conici
1884 3962 1986 4026 Cone<

210 4067 347 4150 quidem
378 4068 431 4132 vir
460 4067 674 4132 doctissimus
702 4067 773 4148 ipse
802 4067 890 4130 hanc
919 4085 1016 4129 suam
1045 4064 1179 4130 fabulae
1209 4067 1480 4149 explanationem
1516 4088 1654 4150 prorsus
1686 4068 1721 4132 in
1752 4067 1942 4132 coniectura
1971 4087 1986 4130 ε

209 4174 375 4257 positam;
415 4176 476 4238 sed
510 4174 737 4238 coniecturam
771 4193 868 4236 suam
909 4171 989 4235 dicit
1023 4172 1149 4252 optime
1183 4172 1394 4254 comprobari
1434 4171 1692 4255 confirmarique
1732 4172 1849 4256 reliqui
1890 4173 1986 4237 carmi

209 4289 423 4364 argumento.
469 4279 539 4347 Sed
572 4279 737 4343 eiusmodi
770 4278 980 4341 coniecturae
1015 4296 1092 4340 cum
1126 4278 1311 4343 admodum
1345 4276 1493 4342 incertae
1523 4287 1597 4341 tum
1630 4299 1699 4342 non
1732 4279 1940 4343 necessariae
1969 4299 1986 4342 e

211 4386 369 4450 videntur
391 4388 435 4449 ad
457 4385 764 4468 interpretationem
789 4382 953 4448 carminis

318 4491 450 4555 Fabula
479 4492 523 4554 de
551 4490 693 4554 Adrasti
721 4500 812 4554 sorte
841 4490 951 4571 deque
981 4487 1149 4551 exercitus
1171 4487 1296 4571 Argivi
1324 4487 1460 4552 interitu
1489 4499 1624 4552 narrata
1653 4489 1740 4552 hanc
1769 4488 1867 4551 nobis
1896 4488 1986 4551 maxi

207 4596 412 4660 sententiam
441 4605 543 4680 poeta
573 4605 651 4660 ante
681 4597 796 4659 oculos
825 4595 934 4679 ponit:
967 4595 1077 4677 puniri
1098 4615 1119 4658 a
1149 4594 1210 4658 diis
1239 4595 1430 4677 superbiam
1460 4596 1658 4671 humanam,
1689 4594 1790 4658 etiarn
1819 4593 1986 4658 nobilissin

208 4702 330 4765 heroas
353 4704 562 4783 deorumque
583 4700 670 4764 filios
692 4701 833 4782 perisse,
869 4701 898 4763 si
921 4700 1001 4782 quid
1029 4700 1132 4764 nimia
1160 4722 1238 4764 cum
1261 4701 1444 4768 ambitione
1472 4701 1533 4764 diis
1557 4701 1668 4763 invitis
1690 4709 1821 4765 tentare
1842 4697 1986 4762 studueri

209 4811 246 4872 ἐν
261 4805 335 4892 γάρ
348 4809 547 4873 δαιμονίοισι
558 4811 629 4869 κτλ.
661 4805 762 4889 Quod
778 4807 926 4891 elogium
943 4806 1106 4887 exemplis
1117 4806 1258 4870 Adrasti
1270 4806 1509 4888 etAmphiarai
1525 4805 1650 4888 optime
1667 4806 1869 4868 illustratum
1881 4802 1986 4865 viden

208 4913 271 4976 lile
286 4911 393 4996 Argis
417 4913 534 4994 pulsus
557 4919 672 4974 tamen
694 4922 846 4974 rexerat
867 4910 1102 4986 nobilissimus,
1126 4911 1183 4993 qui
1201 4911 1347 4994 Sicyone
1368 4911 1466 4974 novis
1489 4911 1606 4974 diebus
1628 4909 1722 4973 festis
1739 4907 1986 4973 certaminibus<

207 5016 343 5081 ludicris
373 5017 514 5080 conditis
543 5016 577 5078 in
605 5016 678 5100 ipso
708 5017 809 5080 exilio
838 5015 901 5079 sibi
934 5015 1077 5099 gloriam
1113 5015 1281 5099 paraverit
1309 5016 1402 5078 haud
1430 5035 1579 5098 parvam.
1637 5014 1743 5077 Haud
1763 5013 1811 5076 ita
1837 5012 1986 5093 multop

207 5123 386 5206 prudentia
408 5143 470 5186 sua
486 5121 603 5198 effecit,
626 5133 664 5186 ut
679 5121 797 5205 Argos
819 5120 943 5185 rediret
958 5140 998 5184 ac
1013 5140 1128 5184 rursus
1142 5119 1239 5184 fieret
1257 5141 1344 5184 unus
1363 5141 1382 5184 e
1397 5120 1636 5202 potentissimis
1651 5118 1854 5202 principibus
1874 5115 1986 5181 Graeci

207 5226 262 5290 Ita
284 5236 399 5291 autem
429 5227 464 5290 in
485 5247 657 5290 summum
683 5226 856 5311 fastigium
887 5225 1015 5310 gloriae
1045 5245 1085 5288 ac
1112 5225 1283 5308 potentiae
1312 5233 1504 5290 emerserat.
1553 5224 1673 5306 Neque
1702 5232 1817 5288 tamen
1845 5223 1914 5287 suis
1943 5223 1986 5286 rel
