4132 5570
920 338 939 396 8

823 418 1027 430 ——.—

11 555 119 610 autem
147 543 320 623 stropham
345 541 441 624 quasi
474 540 577 604 totius
601 537 756 602 carminis
779 533 945 619 inurimur
972 558 992 599 a
1016 534 1185 598 choreutis
1213 544 1383 598 cantatam
1423 554 1509 609 esse,
1549 544 1735 617 postquam
1768 558 1850 600 con-

11 650 165 714 stiterint?
211 649 251 711 In
266 645 363 711 Nem.
387 647 437 720 11,
461 647 547 708 sicut
563 646 598 707 in
620 645 661 707 N.
677 644 749 718 IX,
772 642 880 724 prima
895 644 1034 722 stropha
1049 661 1070 702 a
1085 639 1203 702 ceteris
1221 640 1377 722 graviore
1391 639 1658 720 interpunctione
1679 642 1849 706 disiuncta

11 765 74 830 est;
92 755 234 818 fortasse
249 754 284 817 in
297 752 349 814 his
361 754 493 815 duobus
506 749 708 813 carminibus
724 749 904 810 choreutae
919 746 996 808 inde
1015 765 1036 808 a
1048 746 1195 808 secunda
1214 747 1351 807 demum
1367 746 1506 826 stropha
1523 745 1646 807 saltare
1663 751 1847 828 coeperunt

11 871 40 925 et
63 881 140 923 cum
164 859 307 932 tertiam,
330 857 481 939 quintam
500 856 674 936 stropham
698 854 871 925 canebant,
894 851 942 913 ita
963 852 1076 913 locum
1100 851 1285 925 mutabant,
1311 861 1346 912 ut
1368 871 1484 914 rursus
1507 853 1551 913 ad
1574 871 1673 914 suurn
1703 853 1847 935 quisque

11 969 128 1039 locum,
153 966 243 1027 unde
266 963 395 1025 moveri
418 961 590 1040 coepisset,
613 959 744 1022 rediret.
798 958 838 1020 In
861 957 899 1019 iis
922 977 1004 1020 vero
1027 955 1231 1019 carminibus
1253 956 1541 1037 monostrophiciS,
1575 956 1610 1019 in
1637 957 1759 1038 quibus
1784 978 1853 1040 par

11 1082 58 1134 est
87 1070 302 1150 stropharum
335 1087 510 1139 numerus,
546 1064 724 1144 unicuique
758 1063 918 1144 strophae
950 1062 1193 1142 antistropham
1231 1063 1467 1142 opponendam
1498 1069 1572 1124 esse
1605 1083 1712 1143 aeque
1743 1073 1847 1144 atque

11 1177 39 1238 in
63 1175 203 1238 choricis
226 1173 476 1258 tragoediarum
500 1170 711 1234 verisimilius
733 1169 874 1242 videtur,
898 1187 1105 1248 quamquam
1134 1176 1278 1230 metrum
1307 1166 1436 1247 primae
1463 1168 1622 1246 strophae
1655 1170 1745 1248 apud
1768 1169 1848 1232 Pin·v

11 1284 128 1344 darum
164 1299 224 1361 per
250 1289 360 1342 totum
395 1297 532 1340 carmen
565 1275 734 1356 repetitur.
795 1273 883 1336 Sunt
916 1283 1030 1335 autem
1064 1292 1160 1347 sane,
1193 1273 1251 1352 qui
1284 1274 1462 1356 vulgarem
1496 1273 1588 1336 illam
1625 1274 1667 1336 de
1702 1275 1852 1338 saltandi,

11 1387 162 1467 strophas
208 1394 242 1447 et
276 1384 501 1463 antistrophas
542 1401 667 1465 genere
710 1379 902 1460 opinionem
937 1378 1074 1440 omnino
1107 1378 1270 1440 incertam
1306 1387 1340 1440 et
1374 1397 1394 1441 a
1429 1377 1659 1462 grammaticis
1694 1400 1740 1442 ex
1772 1380 1851 1462 ipso·

11 1491 290 1572 antistropharum
314 1489 450 1551 nomine
472 1490 629 1550 haustam
653 1505 728 1548 esse
751 1485 872 1548 dicant.

113 1595 270 1660 Ceterum
294 1593 353 1656 vix
368 1591 439 1656 fore
454 1591 604 1664 arbitror,
627 1599 665 1652 ut
680 1589 858 1670 quisquam
874 1607 1059 1672 coarguere
1075 1587 1189 1669 possit,
1211 1607 1272 1651 cur
1289 1590 1389 1668 poeta
1406 1588 1440 1651 in
1455 1589 1623 1652 nonnullis
1639 1590 1847 1654 carminibus

11 1713 109 1782 atque
132 1701 235 1764 etiam
265 1700 298 1761 in
325 1697 488 1761 eiusmodi
510 1696 720 1770 carminibus
759 1714 846 1775 quae
881 1704 915 1756 et
942 1703 1144 1778 argumento
1176 1703 1210 1756 et
1243 1692 1352 1755 forma
1385 1713 1554 1756 summam
1588 1704 1710 1774 poetae
1738 1706 1845 1759 artem

11 1809 192 1880 declarant,
226 1804 411 1867 vetustiore
437 1803 493 1865 illa
528 1822 567 1864 ac
596 1801 795 1881 simpliciore
817 1799 926 1862 forma
953 1799 1237 1879 monostrophica,
1272 1799 1306 1861 in
1338 1799 1457 1862 ceteris
1479 1819 1561 1862 vero
1596 1801 1751 1862 omnibus
1774 1802 1851 1864 sive

11 1911 214 1975 brevioribus
243 1910 418 1991 leviusque
441 1907 587 1971 exaratis
610 1906 681 1969 sive
703 1905 911 1988 longioribus
935 1904 1179 1985 manifestoque
1202 1924 1336 1966 summa
1357 1925 1434 1968 curn
1456 1903 1630 1988 diligentia
1652 1907 1851 1988 compositis

11 2037 88 2079 usus
111 2016 154 2078 sit
177 2016 301 2096 epodis
1616 2035 1618 2038 ·

113 2120 182 2185 Sed
205 2140 246 2183 ea
267 2139 336 2194 reS,
366 2121 409 2182 de
438 2139 505 2201 qua
533 2120 643 2181 adhuc
676 2117 782 2180 verba
807 2116 959 2190 fecimus,
994 2135 1062 2178 non
1089 2114 1137 2178 ita
1162 2115 1361 2196 interpretes
1390 2116 1552 2190 exercuit,
1587 2124 1625 2178 ut
1653 2114 1844 2180 fabularum

11 2228 62 2290 vel
84 2246 196 2289 rerum
221 2226 446 2308 mythicarum
471 2225 561 2306 apud
584 2223 767 2286 Pindarum
790 2221 955 2283 tractatio,

52 2364 54 2370 v
115 2328 296 2393 Pindarum
321 2329 477 2391 omnibus
506 2327 576 2391 fere
600 2326 802 2390 carminibus
832 2325 978 2406 epiniciis
1008 2323 1139 2389 fabulas
1169 2325 1336 2408 quasdam
1365 2326 1549 2389 intexuisse
1579 2327 1746 2410 mythicas
1769 2328 1848 2410 quis

11 2446 61 2498 est
84 2437 141 2517 qui
164 2435 309 2498 nesciat?
341 2433 493 2515 Quarum
517 2433 706 2495 fabularum
731 2431 911 2512 explicatio
933 2431 1169 2514 interpretibus
1191 2447 1259 2494 non
1282 2452 1408 2514 parvae
1431 2441 1483 2494 est
1506 2452 1614 2499 curae.
1660 2431 1845 2513 Quomodo

11 2541 96 2604 enirn
119 2540 233 2603 fabula
257 2540 464 2621 expediatur,
487 2540 530 2601 ad
553 2538 656 2600 totius
687 2537 841 2600 carminis
865 2537 1039 2599 consilium
1067 2546 1376 2621 argumentumque
1391 2536 1628 2618 explicandum
1645 2540 1836 2622 gravissimi

11 2645 170 2708 momenti
192 2653 251 2707 est.
313 2645 467 2726 Plerique
489 2653 610 2725 putant
633 2643 816 2705 Pindarum
839 2642 954 2706 fabula
977 2644 1114 2707 carmini
1136 2643 1266 2706 intexta
1295 2663 1359 2720 res¹
1373 2644 1536 2724 quasdam
1565 2645 1621 2706 vel
1643 2645 1847 2726 praeteritas

11 2753 62 2813 vel
83 2761 286 2832 praesentes.
310 2767 397 2831 quae
420 2751 463 2812 ad
485 2749 647 2812 victorem
663 2749 772 2831 ipsum
796 2751 853 2812 vel
875 2749 945 2811 eius
962 2759 1099 2832 gentem
1122 2749 1332 2831 patriamque
1354 2749 1550 2830 pertineant,
1574 2749 1669 2830 quasi
1691 2750 1843 2834 imagine

11 2857 183 2919 ostendere
198 2855 353 2918 voluisse.
387 2854 439 2917 Ita
457 2854 598 2916 Boeckh
613 2854 748 2935 primus,
766 2863 844 2934 post
859 2874 937 2917 eum
953 2854 1007 2916 alii
1018 2874 1071 2916 res
1086 2854 1252 2937 mythicas
1266 2855 1435 2935 explicare
1447 2857 1655 2918 studuerunt.
1680 2854 1781 2938 Quod
1796 2876 1843 2918 ne

11 2961 169 3023 Boeckhii
192 2960 328 3042 quidem
352 2959 497 3022 acumini
520 2960 674 3043 contigit,
713 2969 750 3022 ut
773 2979 891 3022 omnes
920 2958 1109 3022 fabularum
1137 2969 1250 3040 partes
1280 2961 1488 3042 temporibus
1517 2980 1557 3022 ac
1580 2962 1682 3023 rebus
1705 2961 1840 3023 victoris

11 3070 95 3129 bene
118 3066 299 3129 convenire
322 3067 566 3146 comprobaret,
589 3065 643 3127 alii
666 3084 740 3127 sese
763 3063 943 3127 effecturus
967 3085 1040 3127 esse
1063 3075 1291 3146 speraverunt.
1346 3065 1395 3129 Hi
1416 3074 1539 3140 autem,
1574 3065 1654 3148 quin
1676 3065 1739 3148 ipsi
1761 3085 1845 3128 suas

11 3172 196 3235 tabularum
220 3170 462 3253 explicationes
485 3170 670 3233 maximam
695 3171 739 3232 ad
761 3181 893 3252 partem
916 3170 950 3232 in
973 3171 1164 3233 coniectura
1186 3191 1261 3234 esse
1282 3171 1409 3252 positas
1423 3169 1616 3246 faterentur,
1639 3170 1751 3234 facere
1772 3191 1841 3234 non

11 3288 197 3360 potuerunt.
779 3298 781 3302 ·

113 3384 260 3445 Leutsch
292 3379 389 3466 (Phil.
420 3380 518 3444 XIV.
540 3401 570 3461 p.
595 3381 650 3468 61)
673 3382 707 3444 in
741 3381 806 3444 ista
834 3380 965 3446 fabulas
1005 3381 1245 3463 interpretandi
1273 3382 1413 3457 ratione,
1455 3403 1557 3463 quam
1589 3382 1662 3464 ipse
1701 3383 1842 3446 adhibet

11 3489 177 3563 Boeckhii,
210 3486 355 3550 Dissenii
378 3488 586 3551 coniecturas
609 3488 856 3562 emendaturus,
887 3487 1005 3549 iniuria
1027 3489 1070 3549 ad
1094 3486 1331 3570 Chrysippum,
1366 3487 1615 3563 Aristarchum,
1650 3488 1838 3571 Didymum

11 3603 182 3675 provocat,
221 3593 344 3674 quippe
367 3613 445 3655 cum
468 3592 528 3654 vix
551 3591 704 3655 alicunde
726 3601 887 3673 appareat
909 3592 983 3655 illos
1006 3592 1203 3674 interpretes
1231 3594 1442 3656 doctissimos
1465 3594 1509 3656 ad
1537 3614 1613 3656 eam
1636 3594 1843 3675 processisse

11 3699 191 3761 coniciendi
213 3697 397 3771 audaciam,
420 3717 507 3778 quae
530 3698 594 3759 hac
618 3707 728 3763 aetate
750 3698 940 3760 hominibus
964 3698 1163 3762 doctissimis
1185 3701 1325 3780 placeat.

114 3805 169 3868 Ac
194 3804 335 3866 Boeckh
358 3803 494 3885 quidem
517 3803 551 3865 in
573 3802 675 3884 praef.
698 3805 742 3866 ad
764 3801 900 3866 Scholia
923 3805 963 3884 (p.
986 3800 1132 3886 XVIII.)
1156 3824 1219 3879 „ex
1241 3804 1292 3866 his
1316 3804 1459 3885 antiquis
1482 3804 1711 3888 grammaticis
1733 3806 1845 3867 bonas

11 3910 257 3972 observationes
280 3910 449 3991 plurimas,
471 3910 668 3990 praesertim
692 3930 737 3971 ex
759 3910 946 3972 tabularum
970 3929 1149 3990 rerumque
1174 3919 1348 3992 gestarum
1370 3909 1489 3971 notitia
1514 3919 1671 3972 accurata
1699 3912 1842 3972 haustas

11 4015 40 4077 in
63 4026 179 4077 vetera
202 4015 328 4078 scholia
350 4016 490 4090 venisse,
515 4017 575 4078 sed
597 4015 722 4078 mixtas
746 4035 823 4078 curn
846 4015 885 4077 iis
907 4023 1036 4099 nugas“
1058 4015 1190 4080 iudicat.

111 4120 218 4185 Nobis
241 4141 292 4195 ea,
327 4141 414 4203 quae
437 4141 482 4184 ex
505 4120 682 4204 Chrysippi
705 4130 739 4184 et
761 4131 949 4184 ceterorum
973 4118 1220 4184 commentariis
1242 4129 1436 4199 supersunt,
1470 4121 1535 4183 hoc
1562 4129 1694 4183 tanturn
1718 4122 1842 4184 docere

11 4227 173 4302 videntur,
216 4226 327 4308 aliqua
349 4227 478 4290 ratione
501 4227 632 4290 tabulas
655 4227 689 4290 in
712 4227 846 4290 Pindari
870 4227 1072 4290 carminibus
1094 4225 1289 4289 referendas
1311 4245 1386 4288 esse
1416 4227 1460 4287 ad
1482 4225 1640 4300 victores;
1670 4227 1730 4289 sed
1753 4228 1846 4288 hanc

11 4333 171 4394 rationem
194 4343 354 4395 nontam
379 4342 487 4396 artam
511 4333 743 4396 existimamus
767 4354 869 4414 quam
893 4333 1039 4395 Leutsch
1063 4343 1097 4395 et
1120 4332 1175 4394 alii
1197 4331 1483 4394 existimaverunt.

114 4437 212 4501 Certe
236 4447 356 4512 errant,
380 4439 437 4520 qui
460 4439 641 4500 Pindarum
666 4459 706 4500 ea
728 4439 857 4501 ratione
879 4458 933 4500 res
956 4438 1123 4520 mythicas
1146 4457 1299 4500 narrasse
1322 4437 1532 4512 arbitrentur,
1556 4446 1593 4500 ut
1617 4457 1719 4520 quam
1743 4456 1843 4501 accu-

11 4543 171 4605 ratissima
193 4563 306 4606 rerum
329 4543 464 4606 victoris
486 4541 583 4606 fieret
604 4544 730 4628 imago,

113 4648 266 4730 Mythica
288 4669 365 4728 pars
382 4649 567 4712 carminum
591 4651 798 4712 choricorum
820 4658 891 4711 erat
907 4647 1144 4730 antiquissima,
1168 4669 1243 4710 eam
1262 4648 1365 4732 igitur
1379 4647 1413 4709 in
1434 4649 1570 4712 canticis
1587 4649 1843 4732 tragoediarum

11 4772 141 4834 quoque
165 4765 397 4818 conservatam
418 4756 582 4819 videmus.
620 4757 783 4819 Pindarus
798 4776 879 4818 vero
894 4755 927 4818 in
944 4756 1146 4818 carminibus
1162 4755 1307 4836 epiniciis
1323 4752 1454 4816 fabulas
1473 4755 1648 4837 mythicas,
1671 4756 1841 4836 „pulcher-

11 4859 126 4920 rimam
151 4860 365 4939 epiniciorum
390 4870 546 4942 partem“‚
569 4883 637 4924 non
661 4863 762 4924 modo
793 4864 936 4923 obeam
961 4882 1098 4924 causam
1133 4861 1297 4935 adhibuit,
1333 4861 1410 4942 quia
1434 4872 1526 4923 certa
1553 4859 1664 4940 poesis
1687 4859 1849 4921 choricae

11 4964 63 5025 lex
84 4983 196 5027 rerum
222 4966 447 5048 mythicarum
467 4977 701 5029 ornamentum
726 4969 944 5047 exposcebat,
980 4968 1164 5030 sedetiam
1196 4977 1385 5048 propterea,
1418 4969 1507 5048 quod
1533 4965 1726 5045 aptissimae
1754 4974 1848 5038 sunt,
