4132 5570
1202 362 1221 421 9

280 571 407 656 quibus
430 565 617 631 sententiae
633 565 801 648 quaedam
818 563 995 647 generales
1018 562 1203 627 doceantur
1217 563 1273 625 vel
1288 561 1504 634 illustrentur.
1551 557 1767 641 Quamquam
1787 578 1856 622 non
1878 566 1981 640 potest

284 685 433 760 poetam,
456 673 515 736 ubi
536 692 591 734 res
614 671 782 754 mythicas
805 677 926 743 narret,
950 667 1146 747 saepissime
1169 689 1224 731 res
1247 668 1412 750 quasdam
1436 687 1457 728 a
1476 665 1662 730 victoribus
1684 666 1740 727 vel
1764 673 1880 749 gestas
1902 665 1958 726 vel

282 785 332 846 ita
352 780 527 861 respicere,
550 787 589 841 ut
610 779 667 840 vel
689 778 804 840 laudet
826 777 883 838 vel
900 776 1125 856 reprehendat
1143 776 1297 837 modeste
1314 793 1380 848 eos,
1404 792 1547 854 quorum
1569 771 1726 834 victorias
1745 771 1948 835 carminibus
1972 791 1981 834 ι

286 888 443 972 &Totum
459 885 648 968 mythicum
673 883 805 945 dicendi
824 901 933 965 genus
956 882 1039 944 illud
1061 881 1278 943 commodum
1294 879 1406 953 habet,
1429 880 1522 960 quod
1545 885 1579 940 et
1601 878 1675 939 laus
1698 877 1874 940 iucundior
1897 888 1948 940 est
1966 877 1981 939 ir

283 1013 389 1076 quarn
413 991 541 1056 directa
563 999 598 1052 et
620 989 843 1069 reprehensio
874 997 909 1050 et
931 996 1114 1067 potuerunt
1136 988 1237 1049 etiam
1261 985 1417 1067 politicae
1439 1003 1493 1046 res
1522 983 1696 1067 graviores
1719 983 1766 1046 sic
1788 983 1926 1046 tractari
1949 984 1981 1045 d‹

284 1099 417 1184 digne“.
440 1093 586 1178 Dissen,)
648 1093 825 1157 Eiusmodi
846 1093 964 1156 laudes
988 1101 1022 1154 et
1045 1093 1290 1156 admonitiones
1313 1089 1434 1154 fabulis
1458 1089 1554 1172 quasi
1582 1089 1725 1152 vestitae
1755 1098 1857 1170 atque
1886 1097 1981 1151 ornat

286 1203 504 1280 ,allusionem
517 1202 602 1276 illae,
626 1220 710 1283 quas
726 1208 851 1263 vocant
869 1199 1067 1279 interpretes
1083 1199 1188 1261 nostri
1204 1197 1414 1260 recentiores.
1437 1195 1568 1258 Verum
1584 1203 1699 1258 tamen
1714 1215 1817 1276 quam
1834 1194 1981 1256 cautissir

284 1318 422 1392 oportet
432 1308 466 1370 in
479 1307 643 1370 eiusmodi
653 1305 905 1380 „allusionibus“
914 1303 1166 1386 investigandis,
1181 1306 1306 1366 nedum
1317 1312 1425 1365 totam
1434 1302 1605 1382 quandam
1614 1298 1763 1363 fabulam
1777 1320 1822 1363 ex
1837 1300 1981 1362 allusion?

285 1424 443 1480 constare
465 1422 633 1495 putemus.

395 1520 474 1583 Hoc
489 1539 571 1582 vero
590 1518 667 1580 licet
686 1537 747 1598 pro
766 1527 858 1580 certo
873 1517 1068 1590 habeamus,
1091 1514 1215 1590 fabula,
1238 1513 1481 1596 ,pulcherrima
1496 1512 1684 1576 divinarum
1708 1522 1743 1577 et
1764 1515 1981 1578 humanarum

286 1626 462 1710 imagine“,
485 1643 655 1687 summam
672 1624 828 1686 carminis
851 1622 1081 1705 aliquomodo
1104 1620 1261 1683 illustrari
1283 1629 1318 1682 et
1333 1619 1554 1699 comprobari
1599 1619 1718 1701 Atque
1736 1639 1839 1700 saepe
1854 1618 1956 1680 etiam
1972 1639 1981 1680 ε

255 1779 256 1782 ,
292 1742 408 1814 partes
430 1729 566 1794 fabulae
588 1729 731 1812 singulis
754 1729 906 1810 partibus
929 1727 1124 1802 sententiae,
1147 1746 1247 1808 quarn
1272 1725 1484 1806 potissimum
1509 1734 1610 1805 poeta
1633 1735 1711 1788 ante
1735 1726 1852 1788 oculos
1873 1723 1981 1815 posita

286 1837 493 1918 respondere
515 1836 679 1900 videntur.

396 1943 576 2006 Praeterea
604 1951 870 2005 consentaneum
900 1949 952 2003 est
974 1948 1111 2019 poetam
1143 1941 1187 2002 ad
1217 1958 1352 2002 carmen
1376 1937 1546 2018 quoddam
1581 1937 1731 2000 ἐπίνικον
1752 1936 1972 2018 pangendum

286 2047 446 2121 dientem,
470 2047 499 2110 si
519 2045 592 2108 fieri
614 2046 731 2127 potuit,
755 2066 831 2108 earn
854 2046 1006 2108 labulam
1028 2038 1091 2108 sibi
1114 2045 1272 2128 elegisse,
1296 2063 1383 2126 quae
1405 2063 1473 2106 non
1497 2043 1607 2104 solum
1631 2043 1675 2104 ad
1697 2061 1865 2104 summam
1890 2061 1981 2104 carm

288 2154 391 2215 etiarn
414 2153 449 2215 in
470 2151 633 2215 victorem
656 2151 767 2232 ipsum
790 2171 895 2232 quam
918 2151 1068 2214 maxime
1091 2152 1279 2231 quadraret.

397 2256 485 2320 Cum
507 2257 673 2331 Dissenio‚
698 2257 756 2337 qui
778 2257 915 2337 quidem
938 2256 1060 2320 fabulis
1084 2256 1285 2319 sententiam
1309 2254 1465 2317 carminis
1488 2253 1650 2316 declarari
1672 2253 1772 2328 dicat,
1812 2253 1946 2338 (.,ipsius
1969 2261 1981 2315 t

288 2363 516 2444 pulchenima
534 2362 716 2426 declaratio
738 2362 773 2424 in
791 2361 949 2444 fabulis,“)
972 2363 1019 2425 ita
1035 2361 1271 2435 consentimus
1294 2371 1332 2423 ut
1348 2361 1381 2422 in
1396 2359 1603 2440 explicandis
1623 2357 1744 2422 fabulis
1763 2359 1907 2438 primum
1925 2379 1981 2420 ac*

285 2477 529 2552 argumentum
552 2467 796 2549 consiliumque
819 2477 1007 2530 ceterarum
1031 2467 1187 2531 carminis
1209 2466 1355 2547 partium
1380 2465 1660 2528 considerandum
1684 2483 1759 2526 esse
1782 2483 1980 2526 censeamus

394 2573 541 2634 Dissenii
563 2573 744 2654 disputatio
766 2576 827 2649 „de
850 2573 979 2636 ratione
1008 2573 1195 2636 carminum
1219 2571 1471 2634 Pindaricorum
1501 2571 1601 2633 etde
1629 2569 1911 2650 interpretationis
1940 2589 1981 2653 ge

286 2677 498 2740 adhibendo¹‘
528 2679 629 2741 etiam
666 2699 755 2743 nunc
790 2678 988 2763 dignissima
1024 2688 1092 2752 est,
1129 2698 1217 2759 quae
1246 2678 1388 2760 legatur.
1453 2676 1741 2757 Vituperaverunt
1775 2675 1911 2755 quidem
1943 2674 1981 2736 H,

286 2783 552 2858 Rauchenstein,
575 2784 630 2846 alii
652 2785 828 2848 schemata
849 2785 919 2856 illa,
958 2804 1046 2865 quae
1068 2783 1193 2845 Dissen
1216 2784 1259 2845 ad
1281 2783 1514 2844 illustrandam
1537 2781 1676 2844 Pindari
1697 2790 1803 2842 artem
1828 2781 1981 2843 carminu:

286 2889 521 2970 ponendorum
545 2891 733 2971 proposuit,
771 2899 875 2971 atque
898 2890 999 2952 etiam
1023 2889 1079 2952 alii
1101 2889 1166 2952 alia
1188 2890 1466 2969 reprobaverunt:
1505 2907 1623 2950 omnes
1646 2907 1728 2949 vero
1757 2888 1896 2950 laudant
1919 2885 1981 2967 dili,

285 3005 322 3056 et
349 3014 479 3068 curam,
517 3015 586 3076 qua
614 2996 666 3058 vir
695 2997 908 3059 doctissimus
944 3005 1147 3076 argumenta
1173 2993 1359 3057 carminum
1390 2993 1642 3055 Pindaricorum
1672 2992 1954 3075 pervestigaverit

284 3098 518 3162 difficillimam
540 3103 794 3182 pertractaverit
817 3111 852 3164 et
873 3102 908 3164 in
930 3101 1117 3164 mirabilem
1141 3101 1310 3181 quendam
1334 3101 1485 3162 ordinem
1504 3099 1682 3182 redegerit.
1729 3095 1889 3163 Omnibus
1912 3099 1980 3159 hau

287 3205 434 3268 Dissenii
456 3208 657 3288 opusculum
680 3208 780 3270 valde
802 3206 926 3288 profuit
950 3209 993 3270 ad
1016 3207 1273 3290 intelligendum
1300 3215 1459 3285 recteque
1489 3203 1726 3286 explicandum
1756 3211 1892 3285 poetam
1916 3203 1981 3264 The

285 3331 401 3392 neque
422 3314 525 3375 ceteri
547 3312 746 3395 interpretes
769 3315 919 3376 eiusdem
942 3313 1006 3376 viri
1031 3312 1199 3386 doctrina,
1234 3331 1336 3392 quem
1371 3313 1426 3373 vel
1459 3311 1662 3393 impugnent
1696 3310 1752 3371 vel
1786 3308 1922 3372 omnino
1950 3327 1981 3370 n<

286 3416 474 3494 videantur,
496 3438 564 3481 non
587 3419 640 3482 usi
661 3428 747 3481 sunt.
792 3420 911 3500 Atque
933 3439 977 3482 ne
993 3419 1170 3482 Hermann
1194 3417 1329 3498 quidem
1353 3416 1508 3479 Dissenio
1532 3415 1651 3478 merita
1673 3414 1787 3478 omnia
1805 3413 1981 3477 abiudicav

288 3522 391 3584 etiam
414 3524 590 3587 schemata
612 3524 669 3586 illa
690 3544 759 3586 non
781 3545 919 3607 prorsus
942 3524 1070 3587 inutilia
1092 3524 1177 3586 dixit
1199 3525 1260 3586 sed
1283 3532 1363 3604 apta
1386 3541 1460 3584 esse
1482 3522 1527 3584 ad
1549 3520 1870 3602 ,interpositionem‘·
1894 3519 1981 3582 illam

234 3685 238 3694 .
286 3628 413 3690 Dissen
435 3640 544 3704 vocat,
567 3631 800 3694 illustrandam
824 3631 1000 3697 concessit.
1046 3629 1174 3711 (Herm.
1197 3649 1311 3711 opusc.
1334 3627 1393 3691 VI.
1415 3648 1447 3709 p.
1472 3627 1533 3707 23.)

396 3733 527 3810 Dissen,
550 3736 608 3817 qui
629 3737 785 3818 princeps
807 3737 856 3798 rei
879 3735 1100 3820 gravissimae
1123 3755 1260 3816 operam
1284 3734 1331 3796 ita
1352 3733 1535 3805 navaverit,
1559 3741 1597 3794 ut
1620 3731 1794 3795 materiam
1817 3731 1981 3812 amplissin

288 3850 398 3904 artem
423 3850 457 3904 et
479 3843 524 3904 ad
546 3851 727 3924 praecepta
753 3852 942 3916 revocaret,
974 3841 1190 3923 argutissime
1212 3839 1347 3902 Pindari
1370 3839 1560 3920 explicandi
1585 3838 1750 3901 rationem
1779 3837 1981 3900 examinavit

287 3947 450 4028 tavitque.
495 3947 537 4009 In
559 3947 606 4022 iis,
634 3968 722 4029 quae
745 3948 877 4029 scripsit
899 3950 943 4010 de
965 3957 1026 4010 rat.
1049 3966 1151 4010 carm.
1174 3945 1270 4008 Pind.
1293 3955 1326 4008 et
1349 3946 1392 4008 de
1414 3945 1471 4008 int.
1496 3965 1581 4028 gen,
1609 3943 1802 4006 etiamnunc
1823 3943 1981 4006 invenimt

288 4052 432 4114 cillimae
456 4052 687 4134 explicationis
710 4073 874 4116 normam.
920 4051 1006 4116 Cum
1029 4062 1143 4115 autern
1166 4051 1220 4113 vir
1241 4051 1296 4114 ille
1312 4051 1525 4113 doctissimus
1542 4049 1672 4112 initium
1691 4048 1806 4112 fecerit
1824 4049 1919 4130 quasi
1935 4048 1981 4110 dis

287 4158 472 4232 cuiusdam,
496 4158 580 4240 quid
598 4158 731 4232 mirum,
754 4160 846 4240 quod
868 4159 1038 4231 nonnulla,
1061 4177 1149 4240 quae
1171 4166 1367 4238 persecutus
1391 4166 1457 4231 est,
1487 4158 1530 4220 ab
1554 4155 1626 4219 aliis
1655 4155 1856 4238 corrigenda
1885 4164 1981 4235 atque

288 4262 402 4325 danda
424 4265 538 4325 erant?
583 4262 683 4325 Nunc
706 4283 787 4326 sane
809 4283 912 4326 nemo
935 4272 995 4335 est,
1019 4262 1134 4344 quiin
1156 4261 1302 4324 Dissenii
1323 4261 1511 4342 praeceptis
1541 4268 1576 4322 et
1603 4261 1785 4324 schematis
1808 4259 1981 4339 acquiesca

286 4367 378 4430 enim
401 4367 577 4430 didicimus
595 4367 730 4429 Pindari
753 4368 917 4430 rationem
940 4367 1108 4450 poeticam
1132 4367 1269 4429 meliore
1293 4387 1332 4429 ac
1355 4366 1555 4460 simplicipre
1578 4367 1680 4429 modo
1705 4366 1882 4447 explicare.

394 4473 509 4536 Recte
531 4493 613 4536 vero
636 4474 759 4537 Dissen
782 4475 865 4537 illud
885 4473 1072 4556 proposuit:
1095 4472 1154 4548 „In
1176 4471 1297 4535 fabulis
1319 4473 1406 4535 inest
1428 4472 1535 4534 ideale
1559 4473 1752 4554 exemplum
1777 4470 1962 4532 sententiae

286 4577 485 4645 subiectae.“
525 4579 610 4641 Inde
633 4589 747 4642 autem
772 4589 912 4661 apparet
933 4579 967 4641 in
991 4578 1207 4661 expediendis
1230 4581 1331 4641 rebus
1356 4569 1514 4660 mythicis
1538 4576 1749 4658 potissimum
1776 4595 1945 4637 summam
1967 4594 1981 4636 c

284 4684 507 4765 spectandam
531 4704 606 4748 esse
629 4694 663 4747 et
682 4694 922 4769 argumentum
945 4683 1080 4747 fabulae
1103 4704 1180 4747 cum
1204 4696 1406 4768 argumento
1423 4692 1610 4746 ceterarum
1634 4681 1789 4744 carminis
1808 4681 1953 4762 partium
1977 4679 1981 4741 i

286 4808 412 4871 gruere
435 4790 566 4864 debere,
590 4800 628 4852 ut
652 4810 719 4852 una
742 4792 909 4873 quaedam
934 4789 1098 4852 efficiatur
1120 4790 1286 4852 sententia
1308 4808 1450 4850 summa
1496 4785 1654 4850 Ceterum
1677 4786 1769 4847 haud
1798 4784 1899 4848 dubie
1927 4805 1981 4865 por

286 4894 424 4975 pissime
447 4915 488 4959 ea
512 4916 594 4959 usus
618 4905 670 4959 est
692 4896 833 4970 licentia,
858 4906 895 4958 ut
919 4897 1059 4958 adderet
1081 4895 1256 4967 nonnulla,
1286 4914 1376 4976 quae
1404 4913 1515 4974 neque
1544 4894 1588 4955 ad
1617 4892 1819 4954 sententiam
1843 4891 1946 4954 totius
1970 4911 1981 4953 c

286 5004 464 5082 nequead
487 5022 541 5065 res
564 5003 730 5084 quasdam
754 5003 891 5066 victoris
913 5001 1127 5084 pertinerent
1150 5003 1211 5064 sed
1234 5001 1431 5063 exornando
1458 4997 1597 5062 carmini
1611 4997 1733 5060 idonea
1748 5007 1869 5064 essent.
1915 4997 1981 5077 Qua
