4132 5570
910 505 932 566 4

815 591 1021 599 -ο-ο--ῲ

98 703 168 767 Sed
203 704 268 766 alia
296 703 430 766 Pindari
465 705 614 768 carmina
649 707 925 788 monostrophica
960 707 1130 770 eiusmodi
1162 708 1324 790 epistolae
1355 710 1508 791 poeticae
1535 721 1629 778 certo
1658 732 1727 775 non
1750 725 1841 778 sunt.

6 811 111 891 leque
135 809 223 872 enim
248 819 318 872 tam
342 810 457 872 brevia
475 821 554 873 sunt
577 831 680 891 quam
698 831 745 884 ea,
769 832 857 892 quae
873 832 975 893 supra
993 813 1343 887 commemoravimus
1367 834 1478 896 neque
1496 835 1614 878 eorum
1633 830 1840 901 argumenta
1950 851 1955 861 ·

5 916 167 996 tpistolam
191 915 359 996 quandam
383 915 537 978 indicant.
584 915 790 996 Complures,
813 919 907 980 velut
930 918 971 980 N.
994 919 1066 991 lx,
1090 927 1160 980 tam
1181 919 1347 1000 perpolita
1370 929 1458 992 sunt,
1481 931 1516 982 et
1539 922 1654 984 metris
1677 931 1713 985 et
1734 944 1840 1007 argu-

5 1021 113 1082 nentis
131 1029 201 1108 tam
222 1021 401 1101 praeclara,
420 1031 540 1083 utnon
559 1021 658 1083 liceat
668 1022 818 1104 cogitare
830 1023 1022 1096 Pindarum,
1042 1043 1120 1085 cum
1137 1043 1179 1086 ea
1193 1025 1342 1086 carmina
1353 1034 1580 1106 componeret,
1595 1026 1665 1088 otio
1679 1028 1839 1091 caruisse.

99 1123 256 1189 Ceterum
281 1123 435 1188 Schmidt
465 1126 537 1207 ipse
565 1125 719 1188 concedit
742 1125 814 1188 fieri
837 1127 987 1208 potuisse
1014 1127 1116 1190 variis
1144 1130 1188 1190 de
1214 1129 1337 1201 causis,
1371 1138 1410 1190 ut
1436 1139 1539 1210 poeta
1561 1133 1840 1214 monostrophica

5 1231 100 1292 'orma
123 1240 273 1293 uteretur
295 1250 356 1311 pro
380 1239 572 1309 περινοπαῐς
603 1231 679 1304 inis,
708 1252 795 1312 quae
819 1253 840 1293 a
862 1231 1058 1295 Stesichoro
1080 1233 1219 1296 inventa
1239 1233 1391 1316 vulgaris
1414 1235 1601 1297 carminum
1625 1237 1839 1300 choricorum

5 1356 101 1398 orma
124 1335 215 1398 lacta
238 1346 300 1398 est.

88 1440 260 1502 vThiersch
288 1441 367 1502 dicit
394 1440 542 1502 carmina
570 1441 843 1523 monostrophica
870 1441 1014 1505 fortasse
1041 1443 1075 1504 in
1109 1438 1255 1526 pompa'e
1282 1442 1439 1528 ingressu
1468 1453 1604 1507 cantata
1631 1458 1707 1508 esse
1728 1467 1840 1528 eaque

4 1547 64 1606 tola
82 1545 128 1607 ita
151 1545 278 1607 cantari
303 1546 461 1626 potuisse.

98 1650 168 1714 Sed
191 1672 234 1714 ne
257 1671 362 1712 unum
391 1671 436 1713 ex
458 1651 496 1713 iis
520 1650 723 1714 carminibus
754 1663 848 1715 certo
871 1653 982 1716 dicere
1004 1673 1186 1733 possumus
1209 1661 1382 1716 cantatum
1407 1673 1482 1716 esse
1504 1653 1539 1715 in
1561 1673 1689 1735 pompa
1715 1657 1837 1718 urbem

6 1756 204 1838 ngrediente
231 1757 288 1819 vel
310 1777 370 1837 per
391 1757 463 1818 vias
486 1757 578 1818 urbis
600 1760 814 1838 procedente.
859 1755 913 1820 Ol.
936 1755 1034 1828 XIV,
1072 1779 1110 1836 14
1134 1767 1168 1819 et
1192 1757 1233 1820 N.
1260 1757 1304 1823 11.
1329 1777 1370 1836 ²4
1398 1761 1515 1834 κῶμος
1542 1770 1838 1833 commemoratur,

6 1860 103 1922 τόνδε
124 1860 246 1936 κῶμον
269 1858 315 1920 ἐπ’
339 1858 465 1935 εὐμενεῖ
496 1858 589 1940 τύχα
613 1867 735 1939 κούφα
766 1863 929 1939 βιβῶντα
951 1872 986 1922 et
1009 1853 1038 1924 ὠ
1061 1865 1195 1922 πολῖται
1216 1856 1406 1937 κωμάξατε
1435 1858 1619 1940 Τιμοδήμῳ
1636 1860 1703 1923 σύν
1725 1860 1842 1925 εὐκλέϊ

2 1959 105 2042 νόστῳ
119 1963 181 2024 Ed.
198 1962 341 2045 Bergk.)
352 1961 421 2025 s'ed
437 1964 492 2036 ita,
508 1973 546 2025 ut
561 1965 771 2043 probabilem
787 1965 1015 2026 coniecturam
1033 1965 1077 2025 de
1089 1963 1246 2025 cantandi
1263 1963 1394 2026 ratione
1411 1963 1490 2026 inde
1508 1963 1618 2027 facere
1641 1984 1709 2027 non
1728 1966 1838 2029 liccat.

2 2065 72 2128 ulia
95 2068 250 2142 carmina,
275 2089 361 2150 quae
384 2069 417 2130 in
440 2089 567 2150 pompa
595 2077 731 2131 cantata
760 2090 836 2131 esse
865 2072 972 2153 vulgo
1002 2069 1173 2142 dicuntur,
1203 2088 1249 2130 ex
1278 2068 1425 2150 strophis
1453 2089 1532 2131 curn
1563 2069 1780 2151 antistrophis
1802 2080 1840 2134 et

2 2171 109 2252 apodis
133 2173 319 2253 composita
341 2183 428 2246 sunt,
451 2175 545 2236 velut
570 2172 622 2237 Ol.
645 2174 708 2240 XI.
733 2170 806 2255 (X),
829 2174 930 2241 XIII.

99 2277 157 2338 Ex
171 2276 280 2339 forma
290 2278 569 2359 monostrophica,
585 2299 653 2358 qua
667 2279 803 2350 ratione,
819 2279 852 2340 in
868 2299 1038 2361 pompane
1056 2299 1100 2342 an
1111 2278 1170 2340 ubi
1179 2299 1306 2360 pompa
1320 2277 1515 2351 constiterit,
1530 2279 1680 2342 carmina
1695 2279 1839 2360 epinicia

1 2389 134 2442 cantata
151 2381 226 2455 sint,
249 2393 341 2444 recte
357 2383 470 2465 colligi
488 2403 556 2445 non
571 2393 692 2464 potest.
738 2383 816 2466 Ego
840 2386 978 2465 quidem
998 2385 1080 2448 mihi
1098 2386 1306 2466 persuadere
1324 2404 1392 2447 non
1415 2384 1511 2465 potui
1526 2405 1632 2446 unum
1647 2385 1838 2448 alterumve

1 2505 127 2546 :armen
151 2486 363 2550 Pindaricum
391 2488 424 2549 in
447 2505 573 2569 pompa
600 2489 804 2568 procedente
826 2498 1001 2552 cantatum
1024 2510 1099 2552 esse
1122 2489 1274 2570 exceptis
1295 2475 1349 2562 iis,
1384 2509 1473 2570 quae
1500 2509 1546 2550 ex
1572 2489 1646 2570 ipsa
1671 2490 1832 2552 cantandi

1 2589 120 2651 atione
142 2591 309 2662 προσόδια
332 2593 599 2673 appellabantur,
637 2602 739 2672 atque
762 2592 790 2654 si
813 2594 996 2656 memoriae
1027 2594 1197 2675 proditum
1220 2602 1273 2656 est
1300 2593 1451 2656 carmina
1472 2595 1641 2674 quaedam
1666 2592 1703 2652 ἐν
1726 2591 1837 2671 κώμῳ

13 2705 127 2756 antata
146 2715 227 2768 esse,
243 2696 324 2760 illud
335 2696 372 2757 ἐν
388 2696 497 2774 κώμῳ
512 2698 559 2759 ita
576 2697 834 2780 intelligendum
850 2718 925 2760 esse
935 2699 1017 2782 dice,
1033 2709 1072 2762 ut
1090 2699 1340 2780 unumquodvis
1355 2715 1492 2760 carmen
1504 2699 1652 2760 ἐπίνικον
1660 2705 1837 2760 cantatum

13 2820 67 2861 sse
90 2811 286 2875 statuamus,
302 2801 359 2864 ubi
380 2803 526 2883 primum
541 2823 666 2883 pompa
689 2804 733 2865 ad
755 2823 892 2866 carmen
916 2806 1120 2867 cantandum
1144 2802 1338 2866 constiterit.
1384 2799 1455 2864 Sed
1474 2803 1517 2864 de
1540 2823 1581 2864 ea
1603 2821 1640 2863 re
1663 2801 1718 2863 alii
1740 2801 1839 2864 aliter

4 2905 228 2967 udicaverunt.
285 2907 388 2969 Velut
412 2908 533 2970 Dissen
556 2909 652 2970 Nem.
672 2909 735 2974 IX.
758 2929 779 2970 a
801 2911 905 2971 choro
927 2910 1132 2998 procedente
1149 2916 1323 2972 cantatum
1341 2908 1387 2967 ob
1402 2926 1547 2988 eamque
1561 2926 1699 2968 causam
1718 2925 1839 2968 mono-

0 3010 157 3090 trophice
180 3013 403 3092 compositum
427 3033 500 3076 esse
516 3014 664 3085 coniecit,
687 3014 741 3076 cui
765 3015 930 3078 contraria
954 3025 1006 3076 est
1025 3013 1218 3094 conjectura
1240 3013 1277 3074 1.
1297 3010 1487 3085 Schmidtii,
1520 3011 1578 3093 qui
1596 3011 1694 3074 Nem.
1712 3011 1776 3073 IX.
1799 3011 1836 3072 in

21 3113 139 3175 hromii
156 3117 294 3178 aedibus
316 3119 360 3179 ab
380 3118 450 3179 eius
472 3118 660 3198 hospitibus
683 3119 940 3181 convivantibus
964 3127 1136 3180 cantatum
1152 3137 1226 3180 esse
1248 3118 1418 3179 vulteum
1442 3117 1645 3180 hilaritatem
1664 3117 1836 3197 quandam

14 3220 147 3281 arminis
170 3221 338 3302 propriam
362 3232 435 3284 tum
458 3221 602 3285 formam
626 3224 934 3304 monostrophicam
958 3223 993 3285 in
1016 3223 1129 3285 animo
1147 3243 1264 3286 secum
1288 3221 1513 3285 considerans.

98 3326 252 3390 Dissenio
275 3329 339 3390 hoc
371 3348 506 3390 carmen
533 3329 666 3391 videtur
693 3339 865 3391 cantatum
896 3349 970 3391 esse
999 3329 1033 3390 in
1056 3348 1190 3408 pompa,
1224 3347 1303 3389 cum
1326 3327 1504 3390 Chromius
1532 3335 1696 3408 tanquam
1725 3325 1837 3388 redux

29 3432 210 3493 certamine
228 3431 394 3515 Sicyonia
418 3443 456 3496 ut
473 3434 618 3496 victores
633 3435 787 3508 solerent,
810 3454 938 3517 magno
956 3434 1118 3497 comitatu
1134 3433 1288 3496 sollemni
1304 3435 1483 3496 veheretur
1499 3451 1561 3513 per
1580 3434 1709 3494 urbem.
1754 3431 1841 3492 Post

0 3555 152 3616 ompam
178 3536 372 3600 Chromium
397 3538 534 3620 eiusque
558 3539 683 3600 amicos
708 3540 906 3602 convenisse
928 3540 972 3601 ad
995 3537 1197 3604 convivium.
1244 3537 1295 3600 Ut
1317 3537 1520 3600 sententiam
1548 3557 1645 3598 suam
1668 3537 1837 3617 probaret.

4 3642 115 3703 ’issen
138 3663 186 3704 vs.
210 3664 244 3720 4:
268 3641 305 3704 τό
321 3644 559 3721 κρατήσιππον
582 3643 654 3724 γαρ
678 3645 706 3705 ἐς
737 3640 817 3722 ἅρμ’
839 3640 1060 3720 ἀναβαίνων,
1083 3663 1170 3724 quae
1186 3643 1292 3704 verba
1313 3641 1377 3704 nisi
1398 3643 1441 3704 de
1456 3660 1583 3721 pompa
1602 3640 1755 3722 intellegi
1768 3659 1840 3701 non

0 3757 138 3820 essent,
162 3758 196 3809 et
220 3757 407 3810 extremam
432 3748 586 3810 carminis
609 3757 740 3828 partem
763 3747 883 3820 attulit,
905 3747 964 3809 ubi
986 3756 1096 3828 poeta,
1119 3767 1197 3810 cum
1219 3747 1288 3809 iam
1311 3765 1437 3827 pompa
1459 3748 1504 3808 ad
1524 3745 1674 3808 Chromii
1696 3747 1838 3806 domum
1939 3823 1942 3828 ι

0 3852 198 3925 ccessisset,
215 3868 260 3915 ut
282 3852 413 3932 phialae
436 3863 678 3932 promerentur,
700 3855 863 3915 hortatur.

102 3957 178 4037 Qua
193 3959 235 4020 de
251 3944 287 4020 re
303 3977 401 4020 secus
424 3958 629 4020 existimavit
651 3959 688 4020 L.
712 3957 866 4021 Schmidt
881 3953 989 4038 (Pind.
1008 3956 1050 4019 V.
1066 3967 1101 4019 et
1119 3957 1156 4023 P.
1179 3976 1211 4036 p.
1229 3956 1325 4038 240),
1347 3957 1522 4020 contendit
1535 3956 1625 4020 enim
1644 3975 1780 4018 carmen
1804 3953 1840 4016 in

15 4062 149 4124 onvivio
173 4073 345 4125 cantatum
375 4083 462 4136 esse,
504 4065 596 4145 quod
620 4062 796 4126 Chromius
820 4061 935 4124 amicis
967 4061 1036 4123 suis
1059 4060 1304 4142 apparavisset,
1343 4081 1505 4141 pompam
1533 4070 1648 4124 autem
1680 4058 1839 4122 convivio

0 4169 203 4230 uccessisse.
248 4169 320 4231 Nec
339 4188 420 4230 vero
436 4165 612 4231 Schmidtii
627 4177 830 4252 argumenta
844 4168 1019 4247 probanda¹
1034 4176 1121 4229 sunt
1150 4165 1247 4228 Dixit
1266 4176 1380 4228 autem
1396 4166 1448 4229 vir
1468 4161 1683 4230 doctissimus
1702 4163 1839 4227 Pindari

5 4273 49 4333 lla
73 4272 275 4349 „superatur
292 4270 334 4333 di
357 4269 457 4347 παρὰ
475 4265 640 4350 κρατῆρα
662 4269 770 4356 φανοὶ
792 4275 946 4352 γίνεταν*
969 4273 1014 4334 ad
1034 4273 1177 4334 verbum
1193 4292 1269 4334 esse
1284 4271 1505 4354 intelligenda
1528 4289 1568 4334 ac
1587 4269 1635 4332 sic
1653 4271 1833 4332 vertenda:

4 4379 126 4449 ,audax
140 4398 222 4439 vero
236 4376 277 4439 fit
295 4399 366 4440 vox
380 4378 467 4440 inter
481 4379 627 4458 pocula“,
652 4399 739 4461 quae
761 4380 868 4440 verba
890 4375 1068 4439 manifesto
1092 4378 1136 4438 ab
1155 4375 1271 4438 amicis
1286 4376 1435 4439 Chromii
1452 4383 1589 4440 cantata
1603 4393 1679 4436 esse
1700 4374 1735 4436 in
1757 4393 1838 4436 con·

19 4482 84 4544 ivio
103 4483 351 4545 accubantibus.
398 4481 466 4546 Sed
489 4492 621 4544 tantum
647 4485 756 4556 abest,
790 4491 829 4544 ut
850 4483 972 4556 locum,
996 4501 1098 4562 quem
1122 4481 1395 4552 memoravimuS,
1418 4500 1526 4562 aeque
1548 4500 1589 4542 ac
1612 4477 1768 4543 Schmidt
1788 4478 1838 4541 in·

10 4598 224 4667 erpretemur,
246 4598 285 4650 ut
299 4589 403 4650 verba
418 4589 474 4650 illa
489 4587 644 4650 universe
659 4589 749 4651 dicta
768 4607 842 4649 esse
857 4607 968 4667 neque
978 4587 1089 4669 magis
1107 4587 1152 4648 ad
1162 4607 1216 4649 res
1228 4595 1422 4666 praesentes
1434 4586 1600 4665 pertinere
1610 4603 1717 4666 quam
1730 4585 1840 4646 adres

10 4701 123 4755 uturas
147 4693 355 4761 arbitremur.
401 4693 610 4758 Generaliter
634 4693 724 4756 dicta
746 4703 826 4754 sunt
848 4693 949 4754 etiam
973 4713 1022 4766 ea,
1045 4712 1134 4773 quae
1156 4692 1369 4755 antecedunt.

102 4797 276 4862 Sententia
291 4809 404 4862 autem
417 4800 474 4861 illa
490 4800 533 4860 de
548 4818 633 4861 voce
648 4799 736 4860 inter
750 4799 872 4877 pocula
889 4797 1010 4860 audaci
1028 4796 1260 4859 transitionem
1285 4803 1383 4877 parat
1400 4796 1446 4858 ad
1467 4815 1516 4868 ea,
1534 4815 1623 4876 quae
1644 4802 1842 4876 sequuntur,

19 4903 121 4966 thoe
146 4906 246 4967 modo
268 4907 362 4967 locus
386 4907 462 4985 (vss
486 4904 629 4983 48—50l
653 4903 873 4982 explicandus
896 4901 951 4964 sit:
974 4901 1212 4975 „Cantavimus
1238 4901 1399 4964 virtutem
1421 4897 1660 4981 fortunamque
1682 4897 1840 4970 Chromii,

0 5009 52 5069 ui
74 5010 186 5072 omnia
209 5021 328 5073 nactus
351 5010 407 5082 sit,
443 5029 530 5090 quae
553 5006 681 5070 homini
703 5006 842 5069 feliciter
865 5007 1063 5089 contingere
1085 5015 1244 5086 possunt;
1285 5025 1376 5070 nunc
1398 5024 1481 5066 vero
1503 5013 1674 5084 potemuS,
1699 5003 1840 5066 misceat

7 5115 98 5197 gitur
120 5117 194 5197 quis
218 5117 332 5178 vinum
357 5123 437 5178 etc.“
481 5115 658 5178 Admonet
679 5112 784 5196 igitur
805 5122 908 5194 poeta
925 5111 1074 5176 Chromii
1095 5110 1233 5184 amicos
1255 5119 1294 5174 ut
1315 5109 1381 5174 iam
1401 5110 1672 5194 aggrederentur
1692 5109 1739 5172 ad
1759 5127 1841 5172 con·
