4132 5570
926 381 963 438 10

837 461 1041 470 m

22 555 177 682 ilissenio
199 576 282 659 ipso,
305 598 513 660 quamquam
537 598 615 641 eum
639 577 776 641 minime
799 579 1023 660 praeterierat,
1046 579 1079 642 in
1096 579 1346 642 commentariis
1365 583 1409 643 ad
1425 580 1607 644 Pindarum
1627 582 1724 647 editis
1738 603 1861 666 parum

21 683 199 758 bbservata
224 693 283 750 est.
330 684 485 747 Plurimis
508 683 542 746 in
565 685 768 747 carminibus
790 685 1047 766 interpretandis
1070 685 1194 748 Dissen
1220 685 1293 767 ipse
1315 685 1481 748 Boeckhii
1509 687 1661 770 vestigiis
1683 689 1863 772 ingressus

21 772 85 852 ἰοε
110 791 220 853 solum
245 809 364 853 causas
387 811 499 854 rerum
523 791 749 872 mythicarum
773 811 818 853 ex
840 790 1005 853 historicis
1027 792 1130 852 rebus
1151 789 1286 853 victoris
1309 801 1462 874 repetere
1485 794 1644 857 studebat
1666 795 1729 857 sed
1745 796 1864 859 omnia

19 797 154 962 fmnino
173 895 324 978 mythica
343 897 386 958 ad
401 897 564 960 victorem
586 896 719 960 referre.
764 898 866 960 Adeo
882 896 1079 960 difficultate
1094 895 1142 958 rei
1159 895 1233 977 ipsa
1247 897 1431 960 doctissimi
1446 898 1509 960 viri
1530 899 1706 982 ingenium
1721 901 1859 964 videtur

18 1001 223 1076 concitatum
246 1001 479 1084 irritatumque
502 1022 585 1065 esse.
629 1002 747 1084 Atque
769 1004 835 1066 hoc
858 1002 931 1084 ipso
954 1003 1162 1066 irritamento
1185 1001 1287 1064 etiam
1309 1001 1410 1064 hodie
1434 1023 1540 1087 sagae

17 1105 139 1194 lantur,
163 1116 201 1169 ut
223 1127 292 1169 non
314 1107 478 1170 desistant
499 1108 670 1180 Boeckhii,
693 1108 846 1184 Dissenii,
870 1107 1048 1183 Leutsehii,
1067 1107 1105 1174 L.
1120 1107 1298 1170 Schmidtii
1321 1107 1588 1170 coniecturarum
1611 1123 1792 1173 numerum
1815 1111 1864 1172 de

16 1209 153 1308 Pindari
174 1214 275 1275 rebus
299 1213 456 1294 mythicis
478 1215 534 1276 vel
556 1213 721 1277 historicis
740 1215 988 1296 propositarum
1011 1213 1109 1276 novis
1127 1233 1262 1297 augere.
1309 1212 1379 1277 Sed
1401 1214 1493 1277 haud
1515 1213 1702 1295 proficiunt.
1748 1214 1861 1300 Saga·

15 1317 154 1412 {citatem
185 1318 355 1400 quandam
385 1319 564 1391 declarant,
595 1319 730 1382 Pindari
753 1321 904 1384 carmina
926 1340 995 1383 non
1018 1319 1202 1402 expediunt
1224 1339 1336 1400 neque
1359 1339 1476 1382 eorum
1499 1319 1646 1383 fructum
1675 1319 1860 1383 faciliorem

14 1423 114 1540 ‘nobis
136 1425 291 1490 reddunt.
337 1424 541 1506 Plerumque
564 1445 698 1488 summa
721 1427 876 1490 carminis
899 1425 1067 1490 enucleari
1088 1433 1209 1507 potest,
1233 1424 1364 1488 etiamsi
1386 1445 1455 1488 non
1477 1425 1629 1509 contigit,
1651 1433 1691 1488 ut
1710 1423 1862 1488 efficeret

13 1529 92 1620 {quis
114 1528 265 1591 fabulam
289 1529 444 1592 carminis
468 1530 564 1612 quasi
586 1530 770 1615 imaginem
793 1553 906 1596 rerum
929 1531 1064 1595 victoris
1088 1530 1376 1595 accuratissimam
1399 1550 1482 1594 esse.

12 1635 15 1738 ξ
125 1635 165 1698 In
188 1635 335 1698 carmine
358 1636 399 1699 N.
422 1636 486 1699 IX.
531 1636 666 1711 Dissen,
695 1638 752 1720 qui
775 1659 893 1701 omnes
921 1637 1108 1700 carminum
1131 1636 1332 1711 „sententias
1355 1637 1560 1699 cardinales“
1582 1638 1638 1699 vel
1661 1637 1706 1699 ad
1728 1633 1862 1714 ἀρετήν

11 1739 75 1828 ivel
98 1742 142 1804 ad
166 1737 329 1817 εὐτυχίαν
352 1751 499 1816 revocat,
522 1762 609 1824 quae
632 1740 738 1823 ἀρετή
761 1745 816 1806 vel
846 1743 986 1822 εὐτυχία
1016 1751 1075 1806 aut
1097 1742 1284 1824 simplicem
1307 1751 1366 1804 aut
1389 1741 1611 1824 compositam
1636 1740 1760 1804 efficiat
1782 1759 1860 1802 seu·

10 1845 159 1932 {tentiam
183 1846 395 1921 cardinalem,
418 1848 498 1910 dicit
520 1846 713 1911 felicitatem
738 1847 871 1930 (ὄλβον)
895 1846 1043 1910 Chromii
1065 1847 1201 1922 laudari,
1226 1847 1456 1910 commendari
1478 1846 1680 1910 modestiam
1703 1848 1860 1909 modera-

9 1953 223 2035 sstionemque.
268 1953 328 2016 Ab
350 1955 415 2016 hac
431 1954 597 2017 sententia
620 1953 779 2017 cardinali
796 1949 967 2034 profectus
982 1952 1131 2015 fabulam
1147 1961 1326 2034 totumque
1343 1973 1481 2015 carmen
1499 1952 1739 2033 interpretatus
1758 1961 1820 2012 est

8 2061 10 2196 ξ
123 2057 194 2120 Alii
217 2058 261 2119 ad
284 2078 453 2121 summam
475 2059 575 2121 huius
591 2057 746 2121 carminis
765 2057 1013 2146 exquirendam·
1032 2078 1126 2120 more
1142 2059 1205 2121 suo
1223 2057 1387 2139 imprimis
1402 2057 1553 2120 fabulam
1577 2060 1676 2140 (quae
1692 2073 1858 2139 magnam

18 2163 174 2226 carminis
196 2171 329 2244 partem
353 2163 468 2243 efficit)
492 2164 791 2227 consideraverunt
812 2183 915 2244 quam
946 2163 1196 2228 accuratissime
1226 2163 1364 2246 eiusque
1393 2163 1559 2227 rationem
1589 2182 1742 2236 omnem,
1771 2160 1862 2223 sicut

17 2268 84 2330 iam
108 2268 250 2331 Boeckh
271 2267 404 2344 fecerat,
436 2289 481 2331 ex
504 2269 652 2333 Chromii
674 2267 882 2350 temporibus
912 2271 1080 2351 rebusque
1108 2267 1299 2350 patefacere
1329 2278 1431 2351 atque
1454 2269 1619 2331 illustrare
1648 2268 1862 2330 studuerunt.

124 2374 232 2437 Musis
255 2383 369 2437 autem
392 2375 556 2438 invocatis
582 2373 799 2455 Chromiique
822 2375 962 2438 victoria
985 2384 1252 2437 commemorata
1275 2375 1315 2437 N.
1331 2374 1395 2441 IX.
1417 2383 1520 2456 poeta
1540 2373 1683 2436 Adrasti
1704 2371 1858 2435 fabulam

17 2479 124 2541 tribus
147 2479 293 2560 strophis
316 2488 446 2554 tractat,
471 2480 527 2561 qui
547 2481 646 2543 heros
665 2479 773 2562 Argis
796 2481 840 2542 ab
855 2479 1065 2562 Amphiarao
1085 2480 1211 2542 eiectus
1230 2500 1359 2562 rexque
1375 2479 1611 2562 Sicyoniorum
1634 2478 1744 2542 factus
1759 2478 1861 2540 ludos

18 2583 194 2666 Sicyonios
215 2584 403 2659 instituerit,
427 2584 548 2649 deinde
564 2585 682 2668 Argos
704 2605 860 2658 reversus
877 2585 1063 2648 exercitum
1086 2585 1120 2646 in
1136 2585 1384 2666 expeditionem
1407 2585 1572 2648 infelicem
1589 2593 1707 2648 contra
1721 2583 1861 2646 thebas

18 2710 96 2752 cum
119 2690 330 2771 Amphiarao
353 2691 520 2754 eduxerit:
543 2690 738 2772 Sequuntur
760 2709 878 2772 preces
896 2710 957 2771 pro
972 2690 1137 2753 Aetnaeis
1150 2690 1320 2753 adhibitae
1331 2691 1516 2772 laudesque
1533 2710 1610 2752 cum
1623 2689 1860 2754 Aetnaeorum

22 2804 96 2856 tum
109 2792 263 2869 Chromii,
283 2795 377 2858 cuius
400 2796 507 2859 virtus
529 2796 650 2858 bellica
673 2795 775 2858 etiam
797 2815 876 2859 cum
889 2795 1039 2860 Hectore
1063 2806 1286 2878 comparatur.
1331 2794 1466 2860 Laudes
1489 2806 1524 2859 et
1545 2797 1638 2878 ipsae
1661 2796 1763 2859 trium
1785 2794 1860 2857 fere

18 2900 233 2980 stropharum
257 2900 369 2963 locum
393 2901 554 2964 obtinent
599 2902 688 2963 Tum
712 2911 829 2966 monet
850 2910 952 2983 poeta
967 2903 1112 2986 negotiis
1127 2903 1161 2965 in
1179 2903 1355 2966 iuventute
1373 2911 1510 2966 strenue
1527 2902 1681 2984 iusteque
1697 2899 1861 2964 confectis

19 3005 201 3067 succedere
219 3007 327 3069 solere
342 3007 376 3070 in
392 3016 566 3070 senectute
582 3007 730 3090 quietem
748 3027 859 3089 neque
877 3007 977 3071 licere
993 3008 1184 3071 hominibus
1206 3009 1345 3071 modum
1363 3006 1513 3070 transire.
1535 3007 1698 3070 Absolvit
1713 3005 1862 3087 denique

19 3129 157 3172 carmen
180 3111 224 3172 ad
247 3111 439 3174 convivium
462 3112 687 3194 incipiendum
711 3113 893 3176 adhortans
916 3133 985 3194 quo
1008 3123 1044 3176 et
1064 3114 1137 3197 ipso
1161 3114 1309 3178 Chromii
1331 3113 1472 3178 victoria
1495 3114 1695 3188 celebretur,
1724 3110 1859 3192 sibique
1905 3111 1907 3118 '

19 3215 82 3298 ipsi
104 3236 303 3298 prosperum
327 3216 482 3280 carminis
505 3225 691 3300 cantusque
714 3227 876 3280 eventum
900 3230 1074 3301 exoptans.

126 3321 199 3384 Nisi
226 3321 342 3385 fabula
371 3332 460 3386 esset
490 3324 532 3386 de
555 3323 706 3386 Adrasto
736 3333 770 3387 et
792 3324 1003 3406 Amphiarao
1032 3311 1175 3400 narrata,
1206 3337 1445 3412 argumentum
1476 3345 1678 3408 summaque
1701 3322 1860 3388 carminis

20 3427 186 3490 sententia
208 3427 337 3491 facilius
361 3438 473 3492 essent
501 3429 713 3510 expedienda
735 3439 769 3492 et
797 3451 917 3511 perse
946 3432 1027 3495 satis
1055 3433 1240 3514 perspicua.
1300 3433 1369 3498 Sed
1397 3433 1512 3496 fabula
1541 3431 1651 3507 efficit,
1679 3439 1719 3494 ut
1746 3437 1861 3492 totum

20 3552 157 3597 carmen
179 3535 215 3596 in
230 3536 315 3597 duas
331 3541 444 3616 partes
460 3536 680 3619 disiungatur,
704 3555 791 3616 quae
809 3523 917 3618 prima
935 3537 1046 3620 specie
1060 3537 1147 3600 inter
1162 3559 1199 3601 se
1214 3559 1334 3620 parum
1352 3539 1531 3601 videantur
1544 3557 1663 3600 nexae.

128 3640 271 3703 Boeckh
293 3641 434 3704 Adrasti
457 3651 492 3704 et
513 3641 713 3723 Amphiarai
743 3641 966 3705 dissensiones
990 3644 1185 3724 bellumque
1210 3645 1411 3706 Thebanum
1442 3644 1484 3706 ad
1514 3663 1569 3705 res
1599 3649 1746 3704 exeunte
1768 3657 1861 3702 anno

22 3744 75 3811 01.
100 3749 172 3825 76,4
197 3748 270 3828 (473
296 3739 325 3810 a.
349 3747 421 3830 Ch.)
446 3758 561 3833 gestas
584 3749 695 3812 refert.

127 3852 292 3916 Boeckhii
310 3855 568 3936 explicationem
584 3855 739 3936 quamvis
755 3864 888 3918 acutam
909 3876 949 3918 ac
961 3855 1148 3937 speciosam
1164 3857 1346 3938 reprobant
1362 3864 1396 3918 et
1407 3854 1530 3917 Dissen
1542 3863 1576 3916 et
1588 3852 1736 3916 Leutsch
1749 3850 1861 3914 etalii.

128 3957 184 4022 Ac
206 3961 351 4042 primum
374 3961 510 4041 quidem
535 3962 655 4024 mirum
679 3982 760 4025 sane
782 3971 840 4036 est,
865 3962 956 4040 quod
972 3961 1112 4024 Boeckh
1134 3983 1187 4024 res
1211 3961 1378 4044 mythicas
1399 3981 1517 4024 omnes
1537 3960 1591 4022 vel
1608 3960 1652 4021 ad
1668 3957 1859 4021 Hieronem

20 4064 77 4126 vel
93 4066 143 4126 'ad
167 4066 358 4130 Theronem
380 4067 573 4131 referendas
596 4089 670 4131 esse
694 4068 830 4141 censuit,
854 4087 1063 4148 quamquam
1087 4078 1208 4149 poetae
1232 4068 1381 4130 maxime
1404 4069 1446 4130 de
1471 4064 1629 4130 Chromio
1651 4065 1686 4127 in
1709 4062 1861 4127 carmine

21 4169 86 4232 hoe
110 4172 282 4254 agendum
305 4171 376 4236 fuit.
420 4173 542 4254 Neque
565 4175 654 4237 enim
677 4173 806 4248 sufficit,
830 4175 922 4254 quod
944 4174 1086 4237 Boeckh
1109 4175 1200 4248 dicit,
1225 4173 1419 4237 Chromium
1442 4173 1477 4234 in
1499 4172 1719 4254 Thrasydaeo
1742 4168 1861 4230 devin-

19 4276 129 4338 cendo
159 4275 300 4340 Hieroni
333 4298 470 4360 operam
504 4279 723 4360 praestitisse,
761 4299 863 4360 quam
898 4279 1073 4344 victoriam
1109 4301 1128 4343 e
1155 4281 1388 4362 Thrasydae0,
1430 4287 1469 4340 ut
1502 4298 1548 4340 ex
1578 4275 1716 4340 Graecis
1743 4275 1861 4348 latam,

20 4400 70 4442 vs
96 4401 135 4459 23
161 4401 233 4462 sqq.
256 4390 345 4446 tecte
368 4383 558 4468 significari.

129 4486 250 4550 Dissen
275 4489 388 4551 docuit
410 4509 474 4552 nec
495 4510 657 4571 personas
679 4511 742 4552 nec
760 4510 814 4552 res
833 4490 1064 4572 explicationis
1080 4511 1101 4552 a
1118 4489 1293 4552 Boeckhio
1311 4488 1502 4570 propositae
1517 4487 1706 4550 consentire
1724 4485 1862 4548 fabulae

22 4611 44 4654 a
66 4591 211 4655 Pindaro
234 4604 397 4657 narratae.
443 4596 575 4658 Rerum
598 4617 680 4658 vero
702 4595 867 4658 rationem
895 4616 916 4657 a
938 4594 1111 4657 Boeckhio
1140 4594 1346 4675 propositam
1378 4594 1488 4656 minus
1512 4593 1691 4655 convenire
1714 4591 1859 4666 fabulae,

23 4699 114 4778 quod
137 4698 243 4760 Hiero
263 4708 297 4762 et
312 4699 423 4762 Thero
446 4720 515 4763 non
535 4702 661 4764 bellum
677 4702 848 4784 quoddam
865 4720 1052 4774 commune,
1076 4700 1163 4763 sicut
1177 4700 1348 4762 Adrastus
1367 4708 1402 4762 et
1416 4699 1654 4780 Amphiaraus
1673 4697 1863 4781 gessissent

23 4803 84 4864 sed
102 4802 258 4866 Therone
281 4813 414 4868 mortuo
438 4806 544 4870 Hiero
568 4827 645 4869 cum
669 4806 888 4888 Thrasydaeo
915 4815 1110 4889 pugnasset.
1343 4877 1345 4882 ,

131 4907 379 4976 Gravissimum
402 4922 516 4976 autem
539 4913 604 4977 hoc
627 4923 679 4976 est
702 4921 921 4987 momentum,
945 4915 1036 4994 quod
1059 4932 1104 4974 ex
1127 4911 1291 4974 Boeckhii
1312 4911 1441 4974 ratione
1464 4910 1579 4973 fabula
1607 4910 1655 4972 ita
1684 4909 1862 4990 explanari

21 5033 91 5078 non
113 5024 234 5096 potest,
257 5026 297 5079 ut
319 5018 473 5081 concinat
496 5039 573 5082 cum
597 5028 800 5103 argumento
823 5029 1010 5083 ceterarum
1034 5017 1189 5081 carminis
1211 5017 1373 5100 partium:
1396 5017 1531 5079 Laudes
1551 5015 1700 5080 Chromii
1721 5003 1863 5078 bellicas
