4132 5570
935 548 954 606 6

837 629 1042 638 ——......-..

107 793 110 798 ι
124 746 300 810 Eiusmodi
318 743 456 825 κώμους
477 747 510 808 h.
523 765 550 808 c.
568 745 685 810 turbas
700 745 860 807 iuvenum
879 747 1081 807 lascivorum
1098 746 1408 828 semigraviumque
1430 765 1490 826 per
1506 746 1577 808 vias
1594 747 1684 808 urbis
1700 747 1860 810 volitasse

16 853 240 915 etiamsinon
263 869 438 933 negemus
462 857 577 912 tamen
600 850 809 924 dubitamuS,
838 868 921 911 num
951 849 987 912 id
1010 849 1198 913 Schmidtio
1228 831 1316 912 ante⁴
1330 852 1445 913 oculos
1468 852 1686 913 obversatum
1714 851 1758 913 sit
1781 872 1859 914 cum

16 976 179 1038 pompam
210 955 417 1037 („Festzug“l
438 955 593 1016 convivio
623 955 825 1017 successisse
855 955 985 1018 dixerit.
1031 956 1182 1036 Pompae
1210 956 1389 1017 sollemnes
1420 957 1463 1017 ad
1492 957 1656 1036 templum
1687 957 1859 1036 quoddam

16 1063 237 1134 ducebantur,
260 1061 319 1122 ubi
341 1060 403 1121 diis
425 1058 587 1121 sacrificia
609 1060 672 1121 rite
694 1058 823 1126 fierent.
868 1059 938 1124 Sed
959 1061 1043 1124 haec
1057 1063 1231 1124 hactenus.
1276 1061 1431 1124 Pluribus
1453 1061 1520 1123 iam
1535 1081 1605 1122 non
1620 1061 1752 1123 videtur
1774 1081 1863 1142 opus

17 1187 93 1228 esse
122 1166 166 1227 ad
190 1163 368 1227 Schmidtii
390 1164 591 1227 sententiam
619 1163 840 1227 refutandam.
1012 1231 1015 1237 ,

125 1270 198 1332 Iam
227 1271 398 1343 videmus,
436 1265 525 1351 quae
555 1269 710 1333 Schmidt
740 1270 774 1332 in
796 1270 929 1332 Nemeo
960 1290 1051 1332 nono
1081 1271 1282 1351 explicando
1315 1291 1359 1332 ex
1399 1270 1671 1350 monostrophica
1702 1271 1862 1333 carminis

18 1375 130 1438 forma
159 1375 337 1450 conclusit,
368 1375 504 1455 probari
531 1395 601 1437 non
628 1395 739 1455 posse.
797 1375 870 1437 Nec
899 1375 997 1438 Nem.
1026 1375 1090 1437 IX.
1119 1395 1231 1456 neque
1262 1375 1366 1436 ullum
1401 1375 1491 1436 aliud
1520 1374 1655 1436 Pindari
1681 1376 1859 1456 epinicium

17 1481 53 1542 in
76 1479 232 1542 convivio
254 1488 428 1541 cantatum
452 1487 511 1543 est
556 1479 687 1540 Eadem
712 1478 802 1540 enim
825 1480 881 1540 vel
903 1479 1023 1542 similia
1045 1499 1155 1560 neque
1178 1480 1288 1541 minus
1312 1481 1431 1562 gravia
1453 1489 1668 1562 argumenta,
1692 1501 1794 1562 quam
1824 1481 1859 1542 in

18 1585 61 1648 N.
90 1585 154 1646 IX.
185 1583 286 1645 etiam
316 1581 351 1644 in
381 1581 453 1644 aliis
482 1582 685 1644 carminibus
715 1582 762 1644 illi
790 1583 948 1645 cantandi
979 1584 1112 1658 rationi,
1145 1605 1247 1665 quam
1273 1582 1426 1646 Schmidt
1460 1585 1494 1646 in
1517 1585 1557 1647 N.
1587 1585 1650 1648 IX.
1676 1586 1864 1667 proposuit.

19 1698 222 1772 repugnant.

126 1794 248 1854 Dissen
272 1809 316 1852 ex
338 1791 451 1854 verbis
473 1787 839 1869 κωμάσομεν-ὄλβιον
860 1795 889 1855 ἐς
912 1795 1067 1870 Χρομίου
1091 1786 1178 1870 δῶμ’
1200 1794 1363 1856 conclusit
1379 1793 1573 1856 Chromium
1597 1792 1692 1873 quasi
1711 1792 1862 1876 Sicyone

18 1899 172 1960 Aetnam
194 1898 393 1958 redeuntem
415 1914 576 1977 pompam
601 1897 799 1958 sollemnem
823 1897 900 1959 inde
923 1915 944 1957 a
966 1898 1072 1976 portis
1090 1897 1241 1978 pervias
1264 1897 1356 1959 urbis
1375 1898 1511 1959 duxisse
1534 1897 1577 1959 ad
1593 1899 1733 1959 domum
1750 1919 1859 1962 suam.

18 2003 115 2064 Licet
130 2011 243 2063 autem
260 1999 433 2073 Pindarus,
449 2019 527 2062 cum
543 1999 711 2080 scripserit
728 1998 938 2077 κωμάσομεν
954 2003 1092 2078 Μοῖσαι,
1114 2002 1205 2063 illam
1222 2023 1356 2083 quoque
1371 2003 1557 2083 respexerit
1572 2021 1742 2082 pompam,
1766 2024 1859 2083 quae

19 2127 100 2168 cum
115 2107 181 2168 hoc
197 2104 345 2168 carmine
360 2115 529 2185 cantuque
543 2106 635 2167 haud
656 2105 756 2167 dubie
772 2105 884 2185 aliquo
900 2105 1002 2167 modo
1026 2105 1261 2188 coniungenda
1284 2105 1352 2180 fuit,
1376 2117 1489 2169 tamen
1513 2110 1617 2168 verba
1640 2127 1708 2187 qua
1728 2107 1859 2170 ratione

19 2211 144 2272 Dissen
166 2209 340 2286 intellexit,
361 2229 430 2271 non
451 2210 665 2290 percipienda
683 2218 770 2270 sunt.
816 2207 917 2289 Quod
939 2218 1041 2290 poeta
1063 2211 1181 2272 Musas
1203 2211 1237 2272 in
1260 2213 1378 2274 urbem
1395 2211 1543 2272 Aetnam
1568 2209 1739 2273 arcessivit
1752 2211 1858 2292 'quasi

19 2336 100 2377 cum
123 2333 249 2394 pompa
276 2315 431 2377 sollemni
447 2313 592 2396 Sicyone
613 2315 693 2376 illuc
716 2315 944 2393 procedentes,
967 2315 1129 2394 imprimis
1149 2315 1283 2396 quidem
1307 2317 1341 2379 id
1363 2316 1449 2390 fecit,
1473 2329 1510 2378 ut
1533 2318 1597 2378 hoc
1621 2335 1756 2378 carmen
1771 2318 1860 2379 deae

19 2420 114 2499 ipsae
136 2420 233 2500 quasi
254 2403 389 2482 nectere
412 2428 447 2481 et
470 2420 514 2480 ad
534 2417 638 2480 finem
662 2420 846 2497 perducere
871 2418 1064 2481 viderentur
1087 2417 1174 2498 (ἀλλ’
1200 2420 1306 2482 ἐπέων
1329 2422 1412 2501 κτλ.)
1458 2419 1601 2482 Carmen
1625 2421 1712 2482 enim
1737 2439 1858 2500 quam·

19 2525 73 2585 vis
96 2523 204 2585 multo
227 2533 306 2586 ante
328 2543 350 2586 a
371 2531 473 2604 poeta
495 2521 696 2603 perfectum,
727 2543 805 2584 cum
836 2525 1021 2585 canebatur
1047 2543 1068 2585 a
1090 2525 1208 2598 chore,
1239 2525 1358 2587 Musae
1389 2526 1584 2587 canentibus
1614 2525 1710 2605 quasi
1738 2523 1858 2589 inflare

19 2631 229 2714 videbantur.
274 2627 353 2690 Non
375 2629 591 2708 poetasolus
616 2627 800 2690 sedetiam
824 2629 1005 2691 choreutae
1033 2638 1192 2692 canentes
1215 2629 1390 2692 Musarum
1420 2631 1544 2692 auxilio
1575 2632 1722 2713 egebant
1744 2649 1859 2710 neque

19 2755 88 2798 non
111 2717 256 2796 necessex
272 2752 347 2795 esse
369 2733 547 2795 videbatur
569 2733 650 2794 deas
673 2731 830 2794 tibiarum
853 2752 989 2813 quoque
1012 2744 1046 2796 et
1069 2734 1273 2796 cithararum
1298 2735 1409 2797 cantui
1431 2733 1553 2796 favere.

127 2839 180 2900 Ea
203 2847 298 2900 erant
321 2838 574 2917 quodammodo
596 2837 771 2900 Musarum
796 2837 933 2899 Aetnae
957 2859 1105 2903 munera.
1152 2840 1266 2901 Primo
1295 2839 1397 2922 igitur
1419 2859 1518 2900 versu
1550 2847 1650 2918 poeta
1679 2858 1715 2900 se
1743 2837 1855 2919 ipsum

19 2955 57 3007 et
80 2943 276 3006 Chromium
309 2961 386 3005 cum
411 2941 520 3004 Musis
552 2962 573 3003 a
601 2942 689 3004 ludis
719 2941 886 3024 Sicyoniis
915 2942 1066 3005 Aetnam
1098 2943 1365 3023 proficiscentem
1398 2943 1492 3014 facit,
1525 2944 1621 3023 quasi
1652 2964 1673 3005 a
1696 2943 1857 3006 Chromio

19 3049 161 3111 victoria
183 3047 287 3109 modo
309 3055 406 3126 parta
429 3055 527 3108 esset.
574 3045 698 3128 Heyne
720 3046 780 3108 vix
803 3046 894 3110 aliud
916 3048 1100 3128 quidquam
1124 3051 1206 3122 vult,
1230 3069 1306 3111 cum
1331 3049 1410 3111 dicit
1432 3050 1494 3129 (ed.
1524 3049 1615 3128 1798)
1641 3051 1762 3126 νώμον
1785 3048 1854 3110 vic·

20 3155 104 3217 toris
127 3152 204 3214 duci
226 3151 356 3233 Pythiis
379 3149 525 3233 Sicyone
549 3151 670 3213 habitis
693 3151 728 3212 in
751 3150 898 3214 Siciliam
922 3152 965 3214 ad
989 3154 1107 3215 urbem
1131 3153 1291 3216 Aetnam.

127 3257 274 3320 Dissenii
296 3255 462 3318 sententia
484 3257 619 3318 tametsi
641 3255 819 3320 Schmidtii
840 3256 1114 3337 interpretatione
1136 3260 1238 3338 paulo
1260 3257 1463 3338 probabilior
1484 3257 1625 3332 videtur,
1648 3264 1763 3319 tamen
1784 3276 1859 3318 non

19 3365 143 3446 placet.
187 3363 300 3424 Recte
322 3349 460 3441 quidem
484 3361 563 3423 dicit
580 3362 632 3423 vir
654 3361 876 3432 doctissimus.
900 3381 1036 3424 carmen
1052 3362 1092 3424 N.
1107 3361 1171 3425 IX
1194 3363 1227 3424 in
1249 3382 1375 3444 pompa
1399 3371 1570 3424 cantatum
1595 3381 1670 3424 esse
1692 3372 1729 3424 ut
1751 3380 1857 3440 pona·

19 3489 107 3540 mus,
129 3467 288 3529 inducere
310 3484 411 3545 posse
432 3484 569 3527 versum
592 3477 760 3546 quartum.
805 3465 923 3529 Verba
944 3466 1001 3528 illa
1024 3462 1081 3541 „ui
1105 3465 1343 3544 κρατήσιππον
1366 3463 1437 3547 γὰρ
1461 3466 1492 3527 ἐς
1514 3463 1595 3544 ἅρμ’
1621 3461 1862 3539 drapani-aru

20 3594 100 3636 cum
124 3573 168 3634 ad
191 3569 387 3633 Chromium
410 3568 589 3633 manifesto
612 3571 809 3650 pertineant,
831 3591 978 3653 pompae
1000 3591 1082 3633 sane
1105 3570 1234 3633 initium
1257 3569 1446 3653 significare
1469 3569 1633 3633 videntur.
1685 3566 1856 3631 Leutschii

19 3679 110 3741 enirn
134 3675 374 3748 coniecturam,
403 3675 461 3755 qui
483 3675 671 3739 subiectum
694 3675 790 3738 verbi
812 3675 1023 3754 ἀναβαίνων
1045 3696 1165 3739 vocem
1184 3677 1294 3753 ὄμνυε
1325 3695 1398 3738 esse
1414 3675 1505 3750 dixit,
1523 3677 1588 3738 hoc
1606 3675 1681 3738 loco
1700 3672 1863 3736 omittere·

15 3783 130 3844 liceat.
174 3780 247 3842 Nos
270 3799 349 3842 cum
364 3779 520 3842 Dissenio
539 3783 605 3843 hoc
620 3801 757 3861 quoque
772 3780 1009 3854 consentimus,
1033 3783 1124 3861 quod
1141 3780 1266 3843 ultimis
1282 3781 1427 3862 strophis
1443 3780 1633 3844 convivium
1656 3780 1691 3841 in
1706 3777 1856 3841 Chromii

18 3888 162 3950 aedibus
180 3885 354 3967 provisum
383 3884 566 3968 significari
595 3886 805 3948 arbitramur.
862 3884 1086 3948 Concedimus
1116 3886 1217 3947 etiarn
1247 3885 1295 3959 id,
1326 3886 1418 3965 quod
1440 3884 1617 3946 Dissenius
1644 3903 1712 3946 non
1742 3882 1863 3945 verbis

18 3991 158 4070 quidem
181 3989 355 4071 expressit,
377 3989 438 4052 sed
460 3990 562 4053 tacite
590 4011 652 4072 pro
676 3999 767 4053 certo
788 3990 921 4052 videtur
943 3989 1135 4070 sumpsisse,
1159 3988 1362 4062 Chromium,
1386 4009 1463 4052 cum
1487 4008 1622 4052 carmen
1644 3988 1852 4051 fundendum

19 4103 162 4168 curaret,
186 4093 299 4157 omnia
321 4114 399 4157 cum
422 4095 568 4158 Pindaro
592 4096 873 4169 communicasse,
904 4115 993 4174 quae
1022 4096 1066 4156 ad
1095 4095 1251 4157 carminis
1273 4095 1430 4157 cantandi
1451 4094 1615 4156 rationem
1638 4093 1863 4174 pertinerent.

19 4211 59 4263 ut
82 4209 185 4280 poeta
205 4201 372 4281 hymnum
396 4219 495 4262 suum
519 4201 609 4276 locis,
633 4201 850 4280 temporibus,
872 4203 974 4264 rebus
996 4200 1132 4263 victoris
1156 4201 1282 4280 optime
1313 4202 1533 4262 accomodare
1554 4207 1677 4280 posset.
1722 4198 1853 4260 Tamen

17 4306 183 4376 videmus,
206 4303 305 4383 „quid
328 4305 515 4368 sententiae
538 4309 570 4387 (a
585 4306 753 4387 Dissenio)
776 4306 968 4386 propositae
991 4306 1129 4368 obstet“.
1378 4375 1382 4384 ,

127 4407 165 4472 Si
179 4407 302 4470 Dissen
324 4417 417 4470 recte
439 4409 565 4473 diceret
583 4409 787 4484 Chromium,
811 4429 888 4472 cum
911 4429 1050 4473 reverso
1072 4409 1229 4473 ludorum
1246 4407 1478 4490 Sicyoniorum
1502 4417 1655 4488 tempore
1677 4405 1852 4469 victoriam

16 4532 116 4577 suam
140 4511 236 4594 quasi
257 4521 428 4576 recentem
451 4514 644 4588 celebraret,
667 4525 830 4595 tanquam
862 4515 965 4576 modo
996 4514 1154 4579 reducem
1188 4533 1207 4575 e
1238 4512 1420 4575 certamine
1451 4531 1577 4593 pompa
1608 4511 1761 4574 sollemni
1792 4529 1855 4592 per

17 4621 139 4682 urbem
163 4628 300 4682 vectum
325 4637 530 4699 carmenque
552 4619 586 4681 in
609 4639 734 4701 pompa
757 4640 779 4683 a
794 4629 891 4700 porta
906 4619 1053 4699 quadam
1077 4619 1120 4680 ad
1136 4616 1284 4679 Chromii
1307 4618 1445 4680 domum
1461 4617 1664 4696 procedente
1679 4627 1852 4678 cantatum

16 4741 103 4796 esse,
126 4742 212 4804 opus
235 4733 325 4787 esset
347 4732 496 4787 statuere
519 4723 702 4788 Pindarum
726 4743 863 4787 carmen
885 4732 1093 4806 pangentem
1123 4723 1408 4794 accuratissimam
1438 4720 1656 4805 longitudinis
1678 4721 1753 4784 viae
1774 4721 1854 4783 rati·

17 4846 121 4890 onem
144 4828 303 4891 habuisse
330 4829 645 4913 longitudinemque
675 4829 831 4893 carminis
861 4829 904 4890 ad
933 4827 1179 4911 longitudinem
1203 4828 1278 4892 viae
1305 4827 1481 4901 direxisse,
1510 4837 1548 4889 ut
1576 4826 1668 4889 initio
1697 4825 1864 4888 carminis.

16 4931 150 4993 initium
173 4949 320 5014 pompae
342 4954 364 4995 a
384 4942 483 5013 porta
505 4934 652 5014 quadam
675 4931 767 4996 urbis
789 4932 1030 5016 proficiscentis
1060 4944 1094 4997 et
1124 4933 1191 4998 fine
1220 4933 1375 4997 carminis
1403 4931 1480 4995 finis
1508 4949 1656 5012 pompae
1684 4930 1864 5010 simulque·

16 5034 149 5098 initium
173 5036 318 5100 convivii
342 5047 434 5100 recte
455 5039 665 5102 indicaretur.
711 5035 812 5120 Quod
835 5037 898 5101 nisi
920 5037 1057 5102 fecisset
1078 5050 1187 5120 poeta,
1213 5037 1286 5102 fieri
1308 5059 1375 5102 non
1399 5037 1515 5117 potuit,
1545 5036 1625 5117 quin
1647 5035 1759 5116 aliqua
1782 5054 1860 5097 caru*

15 5139 117 5203 minis
139 5161 219 5223 pars
240 5141 338 5222 quasi
359 5142 522 5206 stasimon
544 5143 716 5225 quoddam
740 5152 924 5219 caneretur,
949 5152 1131 5226 postquam
1153 5162 1279 5224 pompa
1301 5141 1519 5215 constitisset,
1549 5149 1609 5204 aut
1637 5140 1748 5222 aliquo
1776 5141 1864 5202 loco-
