4132 5570
707 1547 787 1647 De
826 1503 1253 1648 difficultatibus
1292 1549 1626 1677 quibusdam

601 1737 660 1834 in
708 1737 939 1836 Pindari
990 1741 1331 1840 carminibus
1382 1743 1734 1870 explicandis,

1063 1995 1265 2003 ——-

352 2143 512 2225 Quisquis
542 2143 678 2205 Pindari
708 2144 858 2206 carmina
891 2144 1078 2207 accuratius
1105 2144 1288 2225 inspexerit
1322 2156 1356 2208 et
1388 2147 1608 2222 adamaverit,
1646 2169 1714 2210 non
1746 2151 1854 2212 solum
1884 2152 1968 2232 depl

242 2249 337 2330 quod
364 2269 409 2310 ex
436 2237 664 2330 septendecim
692 2259 813 2330 poetae
836 2249 939 2323 libris,
968 2270 1053 2330 quos
1081 2248 1202 2312 Suidas
1231 2259 1265 2310 et
1287 2249 1368 2312 Vita
1395 2250 1489 2314 Vrat
1519 2263 1729 2327 enumerant,
1762 2264 1920 2334 quattuor
1947 2265 1968 2316 t:

243 2373 356 2434 neque
388 2353 411 2415 ii
442 2353 592 2414 omnium
629 2354 816 2436 dignissimi
850 2353 948 2416 nobis
982 2355 1106 2416 servati
1143 2364 1233 2428 sunt,
1272 2356 1331 2416 sed
1367 2354 1401 2416 in
1432 2355 1483 2428 iis,
1522 2376 1609 2436 quae
1645 2368 1837 2438 supersunt,
1875 2379 1965 2420 carm

242 2459 386 2519 aliarum
427 2476 562 2538 quoque
600 2452 785 2520 litterarum
822 2456 1027 2520 Graecarum
1062 2458 1237 2533 iacturam,
1283 2459 1444 2540 imprimis
1481 2461 1714 2523 historicarum
1761 2464 1945 2545 aegerrime

237 2562 318 2642 Jam
342 2572 474 2624 veteres
498 2562 710 2644 grammatici
726 2563 907 2624 Pindarum
931 2561 1161 2625 difficillimum
1186 2583 1260 2625 esse
1281 2564 1452 2626 intellectu
1471 2584 1588 2628 omnes
1604 2577 1850 2656 consenserunt,
1874 2589 1913 2630 ac
1930 2589 1968 2629 m:

242 2678 384 2746 propter
417 2666 548 2728 dicendi
580 2687 689 2748 genus
726 2667 962 2748 gravissimum
998 2668 1045 2729 ita
1078 2669 1312 2751 judicaverunt
1357 2669 1491 2731 Pindari
1529 2691 1596 2732 non
1630 2671 1739 2733 minus
1774 2692 1875 2752 quam
1914 2671 1968 2734 Ae

243 2771 427 2851 proprium.
494 2770 555 2832 Ad
587 2772 675 2833 hanc
709 2791 791 2833 vero
825 2771 1056 2835 difficultatem
1097 2794 1199 2854 quam
1237 2773 1431 2836 elocutionis
1465 2775 1549 2838 ratio
1583 2773 1688 2850 offert,
1720 2777 1754 2838 in
1792 2776 1952 2857 epiniciis,

243 2875 408 2948 dicuntur,
431 2875 584 2958 legendis
608 2875 698 2937 aliud
720 2877 891 2956 quoddam
915 2885 966 2938 est
992 2877 1241 2958 impedimento
1265 2881 1356 2959 quod
1382 2879 1416 2940 iu
1444 2883 1545 2942 rebus
1571 2881 1674 2952 inest,
1705 2901 1792 2961 quae
1815 2903 1835 2943 a
1863 2891 1963 2961 poeta

242 2988 367 3053 tantur,
390 3001 477 3056 quae
496 3000 549 3042 res
564 2982 666 3042 modo
685 2981 729 3042 ad
743 2981 906 3043 victorem
925 2983 981 3043 vel
1001 2982 1135 3070 victoris
1154 2993 1290 3063 gentem
1307 2984 1500 3063 patriamve,
1524 2986 1626 3047 modo
1642 2987 1685 3047 ad
1700 2986 1809 3065 ipsum
1824 2995 1959 3066 poetam

243 3091 357 3150 neant.
402 3084 473 3146 Ubi
499 3094 601 3166 poeta
624 3084 787 3147 eiusmodi
812 3105 867 3147 res
895 3086 1029 3148 uberius
1052 3088 1220 3161 tractavit,
1249 3108 1293 3149 ex
1315 3088 1387 3169 ipsa
1409 3090 1614 3151 tractationis
1637 3090 1765 3152 ratione
1787 3089 1933 3171 ipsisque
1955 3111 1968 3170 1

244 3187 357 3248 verbis
386 3207 628 3268 nonnunquam
651 3189 841 3269 perspicere
869 3209 910 3251 ac
940 3209 1146 3272 cognoscere
1175 3211 1355 3272 possumus
1385 3213 1438 3266 ea,
1466 3213 1553 3273 quae
1582 3194 1625 3256 ad
1654 3193 1910 3277 intelligendum
1941 3214 1968 3257 cz

242 3293 435 3354 necessaria
468 3303 561 3368 sunt,
595 3293 630 3354 id
657 3295 747 3374 quod
773 3291 846 3355 fieri
874 3313 942 3356 non
968 3304 1094 3376 potest,
1123 3296 1181 3357 ubi
1214 3306 1315 3376 poeta
1348 3316 1402 3358 res
1428 3317 1547 3377 parum
1574 3307 1671 3360 notas
1696 3299 1812 3378 paucis
1839 3301 1968 3361 mod0*

242 3396 363 3458 leviter
384 3397 505 3480 tetigit.

351 3501 451 3563 Aliae
473 3500 686 3566 difficultates
708 3503 741 3565 in
765 3503 910 3584 epiniciis
943 3504 1148 3586 explicandis
1170 3505 1297 3568 ratione
1320 3507 1510 3588 rhythmica
1532 3528 1572 3570 ac
1596 3509 1733 3570 metrica
1756 3507 1958 3583 efficiuntur,

240 3603 406 3685 singulari
428 3607 614 3668 carminum
638 3610 947 3688 componendorum
971 3619 1043 3670 arte
1066 3609 1249 3682 Pindarica,
1273 3611 1396 3692 quippe
1419 3630 1506 3691 quae
1529 3614 1572 3674 ab
1599 3613 1749 3675 omnium
1779 3621 1954 3694 poetarum

241 3727 358 3770 rorum
382 3718 454 3772 arte
477 3711 728 3791 compositionis
751 3713 899 3774 maxime
922 3715 1110 3779 abhorreat.

350 3815 405 3877 De
427 3816 595 3879 nonnullis
619 3817 782 3880 eiusmodi
805 3816 1055 3882 difficultatibus
1077 3839 1185 3900 pauca
1208 3823 1375 3902 quaedam
1400 3822 1465 3884 hoc
1488 3823 1562 3884 loco
1585 3822 1737 3885 collaturi
1759 3842 1884 3885 sumus.

349 3917 476 3982 Notum
500 3930 552 3983 est
580 3923 741 3983 nonnulla
764 3921 899 3985 Pindari
927 3923 1075 3986 carmina
1104 3924 1244 4005 epinicia
1267 3927 1382 4007 epodis
1405 3947 1526 3989 carere.
1578 3927 1762 3990 Videamus
1784 3927 1867 4001 iam,
1898 3948 1968 4008 qua

242 4022 428 4086 doctissimi
451 4025 495 4085 de
517 4025 580 4086 hac
603 4026 789 4090 carminum
813 4027 942 4089 ratione
964 4029 1171 4109 protulerint.

351 4126 482 4208 Quibus
517 4129 627 4192 causis
660 4131 836 4205 Pindarus,
877 4141 916 4194 ut
942 4135 1102 4195 nonnulla
1133 4135 1281 4196 carmina
1315 4135 1453 4216 epinicia
1484 4134 1745 4218 μονοστροῳικά
1772 4145 1948 4218 pangeret,

240 4241 356 4294 motus
378 4233 429 4307 sit,
452 4233 604 4297 diversae
627 4235 839 4297 coniecturae
861 4235 970 4298 factae
992 4248 1078 4300 sunt.

347 4337 530 4418 Westphal
552 4339 859 4420 monostrophicam
882 4341 1068 4404 carminum
1090 4341 1241 4406 formam
1264 4345 1483 4407 vetustiorem
1513 4352 1603 4406 recte
1627 4345 1816 4424 appellavit.
1868 4343 1935 4407 Cur
1958 4364 1968 4405 a

239 4440 406 4504 Pindarus
428 4442 595 4506 interdum
618 4444 802 4507 vetustiore
824 4445 881 4508 illa
903 4445 1011 4508 forma
1034 4467 1117 4510 usus
1139 4450 1191 4524 sit,
1215 4450 1266 4511 vir
1288 4450 1501 4513 doctissimus
1524 4469 1591 4512 non
1615 4450 1865 4516 demonstravit.

348 4547 385 4609 L
417 4545 572 4612 Schmidt
607 4550 666 4618 lde
700 4550 835 4612 Pindari
866 4551 936 4614 vita
965 4562 999 4614 et
1026 4555 1120 4633 poesi
1152 4576 1184 4636 p.
1212 4565 1268 4635 90)
1299 4556 1472 4636 complura
1503 4556 1650 4618 carmina
1683 4554 1955 4635 monostrophica

239 4651 387 4731 epiniciis
409 4652 591 4716 Pindaricis
613 4655 768 4717 immixta
791 4676 866 4719 esse
887 4657 951 4720 sibi
972 4659 1144 4738 persuasit
1190 4659 1345 4723 Carmina
1367 4662 1533 4740 quaedam
1549 4661 1649 4742 paulo
1673 4661 1801 4723 minora
1815 4669 1959 4740 poetam,

238 4755 276 4819 P.
304 4756 381 4820 VII.
409 4767 443 4820 et
466 4757 519 4822 01.
545 4759 595 4833 X,
613 4780 697 4822 non
725 4761 963 4843 composuisse,
989 4764 1109 4844 quibus
1127 4764 1207 4844 ipsis
1229 4765 1386 4827 victorias
1408 4767 1571 4847 quasdam
1595 4767 1791 4840 celebraret,
1826 4765 1886 4826 sed
1909 4784 1968 4845 amj

237 4862 389 4925 carmina
403 4864 585 4926 victoribus
598 4864 814 4946 promitteret.
860 4865 971 4948 Quam
995 4869 1039 4930 ob
1056 4888 1192 4930 causam
1207 4870 1264 4932 illa
1286 4871 1433 4934 carmina
1448 4871 1578 4933 minora
1599 4871 1695 4950 quasi
1713 4870 1870 4952 epistolas
1895 4889 1968 4932 esse

237 4965 331 5040 ticas,
354 4967 476 5049 quibus
491 4967 656 5031 Pindarus
671 4987 747 5032 sese
762 4971 839 5051 plus
857 4971 916 5034 otii
930 4981 1067 5034 nactum
1084 4973 1353 5057 magnificentius
1370 4975 1514 5038 victores
1530 4976 1744 5038 laudaturum
1760 4995 1834 5038 esse
1848 4974 1968 5057 pollice

237 5071 358 5152 Atque
372 5084 451 5135 sunt
466 5073 602 5155 quidem
617 5076 779 5138 nonnulla
796 5077 944 5139 carmina
959 5080 1238 5160 monostrophica,
1261 5081 1355 5143 velut
1370 5079 1423 5144 01.
1441 5080 1539 5143 XIV.
1558 5081 1654 5162 Pyth.
1670 5080 1750 5142 XII.
1773 5081 1814 5144 N.
1832 5080 1883 5154 11,
1905 5082 1968 5142 bre

237 5185 276 5238 ut
297 5174 395 5240 facile
416 5177 514 5241 nobis
535 5181 806 5260 persuadeamus,
830 5202 871 5246 ea
893 5183 1042 5246 carmina
1063 5183 1246 5248 Pindarum
1271 5185 1484 5250 festinantem
1508 5187 1688 5268 scripsisse.
