4132 5570
1214 375 1232 432 7

1118 460 1322 468 ——n

290 579 452 644 carminis
475 587 594 641 cantus
623 575 906 649 intermitteretur,
938 583 1120 655 antequam
1144 595 1271 655 pompa
1301 577 1344 638 ad
1373 573 1475 636 finem
1508 574 1716 654 propositum
1747 574 1968 655 pervenisset,

290 687 401 770 igitur
422 704 490 746 non
513 702 582 745 uno
605 691 723 745 tenore
746 682 807 743 sed
829 679 1078 761 intercapedine
1101 680 1207 742 semel
1230 680 1285 742 vel
1308 680 1441 760 saepius
1471 679 1560 743 facta
1589 688 1792 742 cantaretur.
1837 680 1956 760 Atque

290 792 434 872 quidem
458 789 601 869 primam
625 785 781 850 carminis
804 785 845 847 N.
869 785 932 848 IX.
955 785 1128 864 stropham
1158 785 1314 868 graviore
1344 785 1611 866 interpunctione
1644 785 1834 848 distinctam
1865 807 1905 848 ac
1936 806 1968 848 se

294 897 428 960 Eodem
452 897 527 958 loco
550 892 652 956 etiam
676 899 915 974 argumentum
946 889 1101 952 carminis
1131 889 1228 970 quasi
1256 889 1398 954 incisum
1431 911 1505 953 esse
1527 889 1624 953 facile
1648 891 1954 954 animadvertimus.

293 999 496 1082 compositio
526 997 681 1061 carminis
710 1016 821 1076 neque
853 995 1058 1058 continuatio
1090 995 1261 1076 seriesque
1293 1017 1420 1071 rerum,
1453 1016 1540 1076 quae
1573 996 1711 1058 carmini
1743 997 1901 1070 subsunt,
1935 1017 1968 1058 re

290 1106 477 1188 quominus
500 1124 637 1167 carmen
660 1101 855 1183 interposito
878 1101 1055 1164 intervallo
1079 1110 1252 1164 cantatum
1282 1123 1357 1164 esse
1387 1122 1561 1183 ponamus.
1607 1102 1722 1164 Media
1751 1102 1907 1165 carminis
1938 1122 1969 1182 pr

291 1235 318 1276 a
341 1222 399 1275 str.
425 1209 467 1294 2.)
501 1229 589 1291 quae
623 1228 793 1271 summam
827 1207 982 1270 carminis
1015 1205 1117 1270 efficit
1149 1208 1380 1288 continetque,
1412 1228 1489 1270 cum
1522 1207 1631 1287 prima
1662 1215 1757 1287 parte
1790 1208 1857 1288 (str.
1885 1207 1920 1286 ι.)
1953 1217 1969 1268 t

291 1318 468 1390 cohaeret,
501 1323 540 1377 ut
562 1315 723 1378 maiorem
753 1314 923 1394 quandam
947 1313 1231 1393 intercapedinem
1254 1313 1342 1376 inter
1369 1316 1431 1376 has
1461 1323 1574 1393 partes
1605 1313 1729 1376 factam
1753 1333 1828 1376 esse
1852 1313 1969 1376 conice]

291 1424 416 1504 Atque
439 1420 540 1484 etiam
564 1430 718 1483 extrema
740 1418 895 1482 carminis
917 1438 995 1499 pars
1018 1419 1108 1500 (inde
1130 1440 1151 1481 a
1172 1428 1227 1482 str.
1257 1419 1319 1504 ιο.)
1344 1439 1432 1500 quae
1459 1421 1503 1481 ad
1526 1419 1717 1481 convivium
1741 1418 1890 1480 maxime
1913 1437 1969 1497 per

293 1525 574 1592 antecedentibus
597 1523 744 1604 strophis
768 1526 817 1607 (et
840 1543 940 1586 sensu
965 1532 999 1586 et
1020 1524 1297 1606 interpunctione)
1321 1525 1402 1588 satis
1425 1524 1582 1588 distincta
1612 1533 1671 1591 est.
1723 1522 1883 1587 Similiter
1914 1522 1969 1584 dis

291 1632 406 1696 divisa
422 1631 487 1693 alia
503 1649 638 1710 quoque
652 1629 788 1692 Pindari
804 1628 953 1691 carmina
968 1630 1242 1709 monostrophica
1260 1630 1414 1692 videmus
1435 1628 1476 1697 cf.
1489 1628 1529 1693 O.
1544 1628 1642 1695 XIV.
1661 1629 1760 1712 Pyth.
1772 1628 1832 1691 VI.
1847 1627 1970 1691 Nem]

404 1735 629 1799 Nihilominus
660 1735 720 1796 vix
741 1733 838 1798 nobis
862 1734 1138 1813 persuadebimus
1170 1745 1306 1814 poetam
1339 1735 1497 1809 carmina,
1529 1755 1618 1814 quae
1641 1755 1775 1798 summa
1801 1743 1875 1796 arte
1898 1753 1970 1797 com

290 1853 397 1909 cantu
419 1843 467 1906 ita
489 1841 657 1922 discerpta
678 1860 718 1904 ac
741 1840 922 1903 dilacerata
943 1839 1098 1902 voluisse.
1144 1840 1254 1902 Multo
1278 1840 1388 1923 magis
1408 1850 1671 1903 consentaneum
1695 1848 1747 1902 est
1770 1839 1963 1901 existimare

293 1949 426 2014 ἐπὶνικα
461 1948 574 2010 omnia
605 1967 712 2028 aeque
748 1954 883 2008 cantata
917 1964 1004 2019 esse,
1043 1966 1084 2008 ac
1118 1946 1279 2025 pleraque
1311 1955 1424 2008 cetera
1451 1964 1539 2027 quae
1567 1946 1723 2010 dicuntur
1754 1943 1887 2007 chorica
1918 1944 1970 2007 i.‹

290 2054 457 2133 quodque
489 2072 625 2115 carmen
661 2058 769 2113 toturn
802 2060 895 2113 certo
927 2051 1075 2130 quodam
1109 2052 1199 2126 loco,
1229 2051 1287 2113 ubi
1318 2052 1439 2115 chorus
1470 2051 1673 2124 constiterit;
1706 2059 1849 2130 excepta
1876 2059 1956 2112 sunt

295 2176 385 2237 quae
418 2159 462 2220 ob
495 2157 652 2220 cantandi
681 2156 845 2220 rationem
876 2176 973 2219 suam
996 2157 1145 2236 ipsorum
1175 2156 1344 2236 propriam
1367 2157 1535 2236 προσόδια
1561 2156 1759 2218 nominatim
1787 2156 1970 2218 dicebantur

290 2282 374 2324 curn
408 2263 455 2325 ita
484 2263 558 2336 sint,
582 2262 705 2324 nullius
726 2261 889 2325 momenti
927 2271 986 2336 est,
1025 2262 1116 2342 quod
1143 2263 1305 2324 nonnulla
1336 2261 1485 2324 carmina
1516 2261 1789 2342 monostrophica
1820 2262 1863 2323 ab
1899 2261 1971 2323 inte:

289 2369 498 2448 quibusdam
527 2366 681 2452 ἐγκώμια
704 2387 779 2430 esse
802 2369 968 2434 dicuntur.
1013 2367 1054 2430 In
1076 2387 1218 2430 numero
1242 2367 1475 2447 prosodiorum
1502 2368 1634 2430 illorum
1658 2365 1833 2430 referenda
1855 2377 1971 2429 certer

291 2471 441 2537 Carmen
464 2484 578 2536 autem
602 2474 644 2536 N.
666 2474 731 2540 IX.
754 2475 788 2537 in
811 2494 936 2555 pompa
960 2473 1095 2553 quidem
1119 2475 1180 2537 sed
1200 2483 1381 2554 postquam
1398 2493 1525 2554 pompa
1544 2472 1691 2536 constitit
1713 2474 1756 2535 ad
1776 2470 1972 2552 Apollinist

289 2577 465 2642 sacrificiis
487 2579 631 2659 peractis
654 2589 826 2642 cantatum
852 2589 911 2642 est
958 2579 1042 2641 Inde
1069 2598 1195 2660 pompa
1223 2580 1266 2641 ad
1294 2578 1442 2642 Chromii
1464 2580 1604 2642 domum
1628 2577 1790 2641 Chromio
1815 2577 1888 2657 ipso
1918 2596 1971 2638 cur

294 2685 397 2747 hente
420 2685 522 2747 ducta
544 2693 604 2758 est,
632 2682 691 2746 ubi
708 2685 827 2765 epulae
850 2684 985 2748 victoris
1001 2683 1116 2746 amicis
1139 2685 1205 2747 iarn
1230 2694 1325 2747 erant
1339 2693 1485 2766 paratae.
1531 2684 1621 2747 Huic
1643 2681 1907 2764 interpretationi
1930 2700 1971 2742 ve

290 2789 395 2852 minis
417 2809 485 2852 non
513 2792 615 2853 modo
642 2810 712 2852 non
738 2798 944 2873 repugnant,
975 2792 1036 2854 sed
1063 2790 1329 2872 praeclarissime
1358 2799 1559 2874 congruunt.
1604 2789 1761 2853 Ceterum
1792 2786 1833 2850 cf.
1862 2797 1972 2867 quae

289 2895 340 2956 de
363 2895 521 2958 cantandi
541 2895 671 2958 ratione
693 2895 727 2957 in
750 2895 886 2958 Pindari
909 2896 1111 2959 carminibus
1135 2895 1284 2958 adhibita
1306 2897 1326 2959 l.
1350 2917 1377 2959 c.
1400 2916 1431 2976 p.
1460 2917 1518 2975 103
1543 2915 1617 2977 sqq.
1640 2894 1808 2976 explicuit.

402 2999 520 3080 Atque
535 3000 582 3062 ita
594 3021 662 3063 uno
674 3002 832 3080 exemplo
843 3001 910 3062 iarn
927 3001 1176 3064 demonstrasse
1190 3002 1255 3065 hoc
1270 3002 1368 3064 nobis
1383 3003 1544 3076 videmur,
1555 3010 1692 3084 poetam
1705 3019 1775 3063 non
1793 2999 1868 3061 ideo
1883 2997 1917 3060 in
1932 3016 1972 3059 ca

291 3103 499 3184 quibusdam
522 3104 630 3169 forma
654 3107 927 3187 monostrophica
949 3126 1048 3170 usum
1077 3127 1163 3186 esse,
1185 3117 1224 3170 ut
1245 3108 1331 3171 haec
1353 3108 1502 3171 carmina
1524 3107 1557 3169 in
1581 3106 1735 3169 convivio
1758 3107 1803 3168 ab
1824 3103 1971 3185 hospitib

291 3209 453 3272 bantibus
483 3221 543 3273 aut
572 3209 615 3274 ab
638 3212 829 3277 hominibus
852 3213 886 3275 in
914 3232 1041 3294 pompa
1069 3213 1332 3293 procedentibus
1355 3222 1579 3279 cantarentur.
1634 3212 1792 3292 Namque
1820 3230 1883 3272 nec
1906 3211 1970 3271 hac

292 3313 424 3377 ratione
446 3317 595 3379 carmina
617 3317 757 3398 epinicia
785 3327 920 3381 cantata
943 3338 1016 3381 esse
1039 3319 1111 3381 veri
1133 3328 1185 3381 est
1207 3318 1323 3381 simile.
1367 3318 1437 3382 Sed
1460 3328 1595 3383 cantata
1617 3328 1696 3380 sunt
1718 3317 1831 3380 omnia
1855 3316 1973 3378 eadem

289 3437 364 3498 qua
385 3422 638 3504 tragoediarum
662 3423 869 3488 Graecarum
892 3434 1007 3504 partes
1030 3425 1190 3498 choricae,
1215 3445 1299 3503 quas
1323 3425 1437 3487 dicunt
1460 3425 1606 3486 stasima.

400 3525 440 3588 In
463 3529 630 3591 nonnullis
653 3529 855 3592 carminibus
878 3530 1167 3609 monostrophicis,
1190 3532 1285 3593 velut
1306 3530 1404 3597 Nem.
1427 3529 1477 3603 11..
1506 3530 1604 3593 Nem.
1626 3530 1699 3603 IX,
1722 3529 1803 3594 Isth.
1826 3526 1915 3600 VII,
1944 3527 1972 3586 ul

288 3629 339 3690 sit
349 3633 561 3710 stropharum
573 3655 741 3709 numerus
764 3635 909 3698 dubitari
923 3656 992 3699 non
1014 3656 1115 3716 posse
1130 3636 1270 3698 Boeckh
1288 3635 1367 3699 dicit
1391 3633 1428 3718 (1,
1457 3656 1481 3699 1.
1500 3634 1602 3715 praef.
1624 3656 1656 3717 p.
1674 3633 1759 3719 Xl.)‚
1783 3632 1863 3716 quin
1878 3652 1946 3693 non
1962 3651 1972 3692 ε

287 3737 453 3815 strophae
469 3747 503 3800 et
518 3739 753 3820 antistrophae,
773 3740 844 3803 aliis
862 3761 943 3804 vero
961 3741 997 3803 in
1011 3739 1221 3814 carminibus,
1245 3750 1282 3803 ut
1299 3741 1350 3805 Ol.
1373 3741 1472 3808 XIV.
1491 3741 1590 3823 Pyth.
1605 3740 1664 3814 VI,
1687 3740 1768 3812 XII,
1784 3738 1881 3803 Nem.
1898 3736 1956 3810 IV,

294 3844 495 3926 ambiguum
519 3845 685 3919 videatur,
720 3855 832 3908 utrum
857 3847 1015 3926 strophae
1038 3855 1073 3908 et
1096 3847 1325 3927 antistrophae
1348 3848 1606 3931 distinguendae
1629 3847 1702 3919 sint,
1727 3855 1841 3907 tamen
1864 3842 1972 3920 stropl

291 3950 473 4029 descripsit
496 3954 540 4013 ob
555 3951 590 4014 id
605 3952 724 4031 ipsum,
748 3952 840 4032 quod
865 3952 931 4015 tria
952 3952 1009 4017 illa
1032 3951 1191 4026 carmina,
1214 3972 1302 4033 quae
1325 3963 1359 4014 et
1381 3953 1454 4034 ipsa
1477 3952 1593 4034 epodis
1616 3960 1738 4023 carent,
1761 3947 1898 4029 „impari
1919 3957 1972 4009 stn

295 4075 437 4118 numero
461 4057 667 4122 decurrunt“.

402 4162 559 4224 Diximus
590 4181 706 4242 supra,
743 4163 887 4244 primam
920 4163 1075 4226 carminis
1109 4163 1150 4226 N.
1182 4162 1245 4226 IX.
1277 4167 1449 4244 stropham
1479 4173 1514 4227 et
1541 4171 1743 4246 argumento
1767 4171 1801 4225 et
1823 4160 1972 4241 interpun

288 4267 414 4330 ceteris
436 4268 582 4348 strophis
608 4268 800 4332 distinctam
828 4275 867 4331 a'c
890 4279 1080 4351 separatam
1103 4288 1184 4342 esse,
1220 4278 1381 4350 tanquam
1408 4269 1618 4351 prooemium
1648 4271 1704 4333 vel
1731 4267 1940 4350 praeludium
1968 4291 1972 4322 ε

294 4372 334 4438 Si
363 4383 475 4436 cetera
498 4374 633 4437 Pindari
655 4375 796 4455 epinicia
824 4374 1109 4454 monostrophica,
1144 4395 1231 4455 quae
1258 4374 1377 4454 impari
1404 4377 1618 4456 stropharum
1640 4394 1781 4438 numero
1804 4373 1972 4435 decurrun‘

294 4488 331 4541 et
349 4479 434 4558 Jsth.
456 4478 534 4541 VII.
557 4475 687 4562 (VEL),
710 4481 897 4544 accuratius
920 4480 1250 4552 consideraverimus,
1273 4479 1415 4544 fortasse
1438 4481 1471 4543 in
1494 4480 1546 4544 his
1567 4501 1701 4562 quoque
1729 4479 1870 4542 similem
1893 4475 1972 4538 ratic

295 4585 450 4666 gumenti
481 4584 823 4666 interpunctionisque
856 4586 1079 4661 inveniemus
1114 4595 1152 4648 ut
1181 4586 1296 4649 similis
1323 4588 1488 4670 quaedam
1518 4598 1620 4669 atque
1643 4588 1677 4649 in
1704 4587 1744 4649 N.
1773 4585 1836 4650 lx
1864 4591 1972 4646 cantar

295 4689 476 4769 probabilis
499 4700 669 4771 appareat.

402 4793 443 4858 In
473 4794 618 4873 Jsthmio
641 4795 718 4858 VH.
742 4792 859 4878 (VIII.)
889 4798 1081 4871 secundam,
1116 4806 1281 4879 quartam,
1320 4808 1452 4862 sextam
1491 4800 1665 4880 stropham
1696 4798 1739 4860 ab
1770 4796 1809 4859 iis
1837 4817 1924 4877 quae
1947 4818 1972 4858 s<

292 4899 422 4964 maiore
466 4901 734 4983 interpunctione
771 4901 925 4965 videmus
963 4902 1144 4966 distinctas,
1209 4904 1300 4985 Quid
1337 4905 1454 4987 igitur,
1497 4904 1526 4968 si
1565 4904 1691 4984 priores
1735 4923 1798 4966 sex
1836 4904 1972 4984 stropha

290 5004 399 5068 choro
422 5016 574 5071 cantatas
603 5008 810 5089 saltatasque
833 5027 907 5071 esse
930 5008 1124 5084 conicimus,
1157 5018 1197 5073 ut
1222 4994 1367 5091 strophis
1394 5009 1627 5092 responderint
1654 5009 1889 5090 antistrophae,
1924 5029 1972 5090 po:
